3388 5050
862 486 904 545 la

321 687 531 765 ἀναδεῖξαι
553 690 606 764 τὴν
629 690 757 755 ἀσπίδα.
783 689 910 774 Corrige
934 714 971 756 ex
991 690 1152 757 Herodoto
1171 690 1362 767 ἀναδέξαι
1382 695 1441 757 lor·

321 838 401 880 mam
426 815 576 892 lonioarn,
601 815 684 902 apud
709 814 904 880 Herodotum
930 814 1047 900 ubique
1073 822 1264 901 usurpatam.

364 1082 395 1144 p.
428 1061 502 1124 344.
535 1059 570 1124 F.
603 1058 759 1141 Ἥρπαστο
779 1061 837 1141 γάρ
861 1061 942 1139 μετά
963 1066 1014 1126 τοῦ
1038 1061 1144 1140 βέλους
1167 1061 1219 1126 κάὶ
1242 1062 1305 1127 τὸν
1328 1061 1439 1127 πόλε-

320 1207 390 1262 μον
413 1185 442 1246 ἕν
466 1190 527 1257 τοῖς
552 1182 740 1263 σπλάγχνας
758 1178 830 1263 εἶχε.
853 1185 933 1248 Satis
951 1208 1043 1269 grave
1055 1208 1135 1250 onus
1148 1186 1325 1251 Alexandro
1339 1210 1441 1272 neque

320 1307 492 1386 ferendum,
517 1308 542 1372 si
565 1314 667 1373 totum
688 1307 805 1374 bellum
830 1311 863 1374 in
887 1311 1057 1375 visceribus
1076 1312 1221 1378 haberet!
1243 1313 1275 1377 Si
1294 1319 1440 1377 accurata

320 1430 412 1496 verba
433 1433 650 1518 praecedentia
672 1435 929 1520 contemplamur,
955 1436 1094 1500 videmus
1116 1459 1219 1522 regem
1239 1438 1440 1501 vulneratum

320 1580 385 1622 esse
415 1557 510 1622 telo.
542 1557 628 1637 Quid
658 1558 757 1644 igitur
787 1559 821 1623 in
844 1558 1011 1624 visceribus
1035 1569 1158 1646 poterat
1180 1561 1317 1627 habere?
1341 1561 1441 1627 Credo

320 1689 616 1754 ΤΟΤΜΒΟΛΙΟΝ,
647 1682 680 1745 τὸ
707 1681 844 1760 ἐμβόλων
870 1682 891 1746 i.
915 1705 941 1746 e.
974 1685 1006 1748 τδ
1030 1683 1118 1762 βέλος
1141 1686 1214 1765 siva,
1238 1687 1324 1769 qnod
1348 1709 1440 1751 accu-

319 1805 418 1869 ratius
441 1810 496 1882 est,
519 1805 707 1890 „cuspidem
732 1805 796 1884 teli,
821 1828 901 1890 quae
920 1806 1100 1872 inhaerebat
1121 1809 1320 1874 visceribus.”
1333 1810 1438 1874 Facile

319 1930 379 1994 hoc
415 1933 572 2015 corrumpi
603 1929 708 2014 potuit
736 1930 769 1993 in
798 1937 1117 2008 ΤΟΝΠΟΛΕΜΟΝ.
1149 1932 1261 1997 Mirari
1292 1956 1347 1998 nos
1377 1956 1441 1998 non

319 2061 442 2140 oportet
465 2054 522 2120 hoc
546 2055 729 2120 vocabulum
755 2057 858 2119 minus
881 2056 1059 2140 frequenter
1083 2059 1242 2141 usurpari:
1263 2064 1348 2122 amat
1366 2057 1440 2124 Plu·

319 2179 447 2244 tarchus
482 2177 581 2242 verbis
614 2180 672 2256 nti,
704 2201 766 2243 non
798 2179 936 2243 omnium
965 2203 1025 2245 usu
1048 2181 1132 2245 tritis
1153 2188 1210 2245 aut
1233 2182 1317 2267 apud
1341 2190 1443 2267 poste·

321 2306 416 2370 riores
438 2310 561 2368 tantum
585 2304 831 2383 occurrentibus,
855 2306 939 2388 quod
959 2306 1078 2369 nemini
1096 2307 1303 2390 suspicionem
1317 2328 1440 2370 movere

319 2436 430 2516 potest,
468 2430 540 2511 quia
575 2429 640 2514 ipse
675 2427 864 2492 Plutarchus
895 2451 930 2492 eo
961 2436 1099 2514 tempore
1126 2430 1203 2493 vixit
1227 2452 1289 2513 quo
1313 2431 1438 2515 elegans

318 2555 469 2639 graecitas
497 2555 560 2619 fere
584 2555 728 2640 perierat.
755 2553 951 2618 Vocabulum
973 2554 1006 2619 τδ
1029 2553 1167 2631 ἐμβόλων
1189 2555 1223 2618 in
1246 2577 1307 2618 nau
1330 2556 1436 2632 fuisse,

317 2685 450 2745 testatur
479 2679 571 2743 Diod.
602 2679 663 2744 Sic.
689 2682 718 2757 l,
744 2680 796 2757 35,
820 2678 875 2743 ubi
898 2686 1068 2764 usurpatur
1091 2701 1147 2763 pro
1170 2701 1206 2742 eo
1229 2680 1438 2756 instrumento

317 2825 380 2888 quo
401 2804 548 2869 crocodili
570 2805 748 2890 capiuntur.
773 2803 806 2868 si
824 2803 986 2868 Iustinum
1009 2805 1059 2883 12,
1080 2807 1099 2867 9
1120 2803 1250 2868 ctPlnt.
1264 2803 1331 2868 Vit.
1345 2805 1435 2869 Alex.

317 2954 343 2994 c.
371 2933 411 2994 63
434 2929 637 3007 conferemus,
659 2928 821 3014 apparebit
841 2928 897 2993 bos
916 2950 1042 3012 quoque
1060 2928 1092 2992 in
1107 2929 1234 2992 notione
1254 2929 1344 3012 sagi
1356 2937 1442 2994 ttae

318 3054 500 3120 consentire.
526 3054 573 3116 Ex
597 3053 709 3118 Curtio
732 3076 802 3118 vero
820 3057 850 3134 9,
873 3057 913 3116 20
935 3060 1057 3118 constat
1070 3053 1218 3130 iaculum,
1231 3073 1295 3136 qno
1308 3052 1442 3118 Alexan·

317 3179 372 3244 der
394 3179 577 3243 vulneratus
600 3185 674 3259 erat,
698 3201 804 3244 revera
827 3179 922 3244 luisse
941 3200 1040 3263 genus
1060 3177 1182 3263 harpa
1190 3177 1311 3262 gonis
1319 3225 1328 3255 ,
1348 3177 1443 3256 ἐμβό-

317 3319 385 3370 λιοα.
418 3303 567 3388 Legimus
597 3303 697 3367 enim:
731 3303 858 3381 „donec
882 3301 982 3367 Indus
1005 3300 1203 3365 bicubitalem
1228 3304 1374 3386 sagittam
1398 3303 1444 3365 ita

320 3428 456 3493 excussit
478 3435 517 3493 nt
540 3450 594 3514 per
617 3428 773 3492 thoracem
797 3427 929 3514 paulum
952 3447 1045 3511 super
1068 3425 1151 3489 latus
1172 3425 1316 3491 dextrum
1338 3427 1444 3510 infige·

318 3555 398 3620 ret.’'
420 3555 463 3620 Et
486 3576 576 3639 porro
599 3577 626 3618 c.
652 3556 693 3616 22
717 3575 874 3638 „corpore
898 3551 1011 3616 deinde
1035 3550 1167 3630 nudato,
1190 3549 1445 3614 animadvertunt

319 3679 460 3743 hamos
488 3679 588 3742 inesse
611 3678 694 3742 telo
715 3700 772 3741 nco
796 3676 888 3740 aliter
911 3676 978 3739 sine
1001 3675 1138 3760 pernicie
1162 3674 1297 3759 corporis
1321 3673 1443 3738 extrahi

319 3825 416 3890 posse,
437 3825 532 3888 qnam
552 3810 589 3867 ut
607 3801 738 3867 secando
751 3801 866 3865 vulnus
878 3800 1058 3884 augerent.”
1072 3798 1114 3862 Et
1126 3800 1284 3882 sequitur:
1297 3847 1317 3877 „
1327 3799 1444 3885 quippe

318 3928 429 4012 ingens
460 3927 558 3991 telum
589 3926 734 3991 adactum
766 3932 832 3990 erat
861 3931 893 3989 et
914 3930 1091 4012 penetrasse
1114 3923 1156 3988 in
1179 3922 1339 3987 viscera
1362 3923 1445 3988 vide·

319 4050 445 4119 batur.”
