3388 5050
784 523 826 582 43

290 753 320 816 p.
346 732 420 796 34⁷.
443 731 481 794 E.
505 730 529 795 οί
551 731 703 811 πρώτως
722 729 954 809 ε’ντννχσίνοντεο
972 729 1024 794 καὶ
1043 731 1216 811 ἱστοροῦντες
1232 756 1368 812 συγγρα-

245 853 308 936 Φέα
331 855 359 918 ei
382 857 516 939 gratiam
532 853 657 917 debent.
679 853 759 933 Quis
777 876 840 917 non
862 877 982 918 mecum
995 854 1172 918 emendabit
1183 855 1207 920 οί
1226 859 1367 936 πρῶτον

246 977 488 1058 ε’ντνρχοίνοντες,
511 979 534 1040 ii
557 979 613 1061 qui
640 979 733 1064 primi
756 979 867 1061 legunt
891 980 1073 1064 scriptorem
1096 979 1252 1062 quendam
1274 980 1369 1044 histo

245 1103 356 1167 sicum.
380 1102 428 1166 De
451 1125 514 1185 qua
536 1125 569 1166 re
595 1102 634 1165 cf.
658 1101 738 1165 con
757 1101 837 1166 Nov.
862 1101 949 1166 Lect.
974 1124 1005 1186 p.
1030 1105 1105 1180 440,
1132 1105 1205 1166 616.

291 1371 321 1434 p.
354 1350 429 1412 254.
460 1347 496 1413 F.
528 1347 616 1412 Bello
644 1355 752 1411 exorto
776 1347 916 1411 Milesios
937 1349 1020 1410 inter
1041 1356 1074 1411 et
1096 1341 1227 1426 Naidos,¹
1245 1348 1368 1412 fortiter

245 1461 409 1558 Erythraei
444 1471 523 1536 duce
557 1471 714 1556 Diogneto
745 1472 885 1536 Milesios
915 1473 1113 1537 adiuverunt.
1144 1472 1178 1536 Is
1207 1496 1224 1536 e
1254 1472 1369 1556 pracda

245 1598 420 1663 Naniorum
448 1596 634 1683 Polycritam
657 1599 822 1662 formosam
846 1597 1035 1680 audacisque
1059 1597 1180 1680 ingenii
1204 1597 1367 1660 mulierem

246 1724 331 1808 capit
354 1730 387 1786 et
410 1723 516 1786 uxoris
539 1723 607 1786 loco
630 1720 734 1786 habet.
761 1721 942 1785 Proditionc
965 1721 1139 1807 Polycritae
1165 1720 1243 1785 urbe
1267 1727 1367 1805 capta,

247 1870 266 1910 a
288 1847 411 1912 civibus
433 1869 512 1911 uxor
535 1851 684 1910 maritum
708 1847 909 1932 deprecatur:
933 1844 1011 1919 αὕτη
1034 1846 1066 1910 δέ
1085 1847 1153 1926 πρὸς
1170 1853 1240 1908 τοιῑτ
1259 1845 1368 1916 πύλαις

244 1971 384 2051 γενομένη
415 1973 481 2044 τοὺς
512 1973 636 2044 πολίτας
665 1974 863 2044 ἀπαντῶντας
885 1973 973 2052 αὐτῇ,
998 1971 1078 2049 μετα
1101 1974 1201 2052 χοιρῖις
1224 1970 1276 2034 καί
1299 1994 1368 2034 στε-

246 2098 348 2179 φοίνων
376 2097 609 2177 ὑποδεχομένους
638 2097 692 2162 καί
723 2096 943 2177 θαυμάζοντας,
973 2100 1025 2161 οὐκ
1053 2096 1158 2174 ἤνεγκε
1188 2097 1221 2162 τὸ
1246 2096 1369 2174 μέγεθος

247 2230 302 2297 τῆς
334 2229 446 2304 χαραῖς,
469 2223 541 2286 αλλ’
564 2222 709 2286 οίπέθανεν
731 2224 824 2287 αὐτοῦ
850 2227 983 2287 πεσοῦσα
1005 2221 1070 2302 περὶ
1093 2221 1147 2294 την
1170 2219 1277 2293 πύλην·
1299 2219 1370 2284 ἕπον

247 2348 403 2422 τέθαπται,
433 2349 483 2412 καί
513 2357 650 2413 καλεῖται
673 2348 826 2425 βασκοίνον
848 2348 957 2428 τοίφος,
982 2349 1019 2420 τίς
1042 2347 1185 2427 βασκάνῳ
1209 2344 1264 2410 τινί
1286 2346 1368 2426 τύχη

246 2473 299 2546 την
330 2474 508 2554 Πολυκρίτην
535 2475 727 2554 φθονηθεῖσαν
758 2474 931 2538 οίπολαύσαι
953 2477 1009 2536 τῶν
1032 2476 1135 2549 τιμῶν.
1160 2470 1265 2554 Igitur
1287 2493 1370 2534 sum·

247 2621 333 2662 mum
356 2598 507 2682 gaudium
530 2621 591 2663 non
617 2598 719 2663 ferens
744 2598 921 2662 exanimata
943 2597 982 2660 ad
1006 2599 1087 2682 ipsas
1111 2605 1215 2681 portas
1234 2596 1369 2660 concidit

245 2722 353 2807 ibique
383 2723 507 2808 sepulta
539 2729 596 2801 est,
628 2746 721 2807 quam
754 2722 793 2786 ob
824 2746 889 2786 rem
920 2722 1089 2802 „Invidiae
1118 2720 1292 2784 Tumulus”
1314 2720 1369 2785 ille

246 2847 333 2911 locus
362 2847 549 2932 appellatur,
582 2855 731 2930 tanquam
765 2847 938 2931 Polycritac
969 2870 1034 2911 sors
1063 2845 1225 2909 invidisset
1255 2867 1295 2908 ne
1318 2845 1370 2907 ho-

246 2963 374 3035 noribus
402 2972 571 3036 frueretur.
603 2972 744 3050 Γενομένη
777 2994 839 3036 non
870 2971 1123 3054 coniungendum
1148 2977 1196 3032 est
1219 2992 1291 3032 cum
1315 2992 1369 3032 πο-

247 3099 343 3170 λίτας,
379 3099 439 3161 nisi
472 3098 544 3181 quis
573 3097 654 3162 forte
687 3098 762 3160 mihi
792 3096 927 3181 explicet
956 3096 1034 3180 quid
1065 3095 1108 3158 sit
1129 3094 1281 3173 γίγνεσθαι
1303 3093 1370 3165 τοὺς

246 3223 381 3296 πολίτας,
411 3222 464 3285 sed
495 3244 567 3285 cum
596 3220 854 3307 praecedentibus
882 3220 951 3298 πρὸς
981 3226 1047 3292 ταῖς
1070 3218 1189 3291 πύλαις,
1214 3239 1311 3301 quare
1334 3217 1370 3280 fit

247 3354 285 3410 ut
314 3347 381 3419 τοὺς
411 3348 537 3418 πολίτας
567 3347 764 3416 οίποιντῶντας
787 3352 820 3408 ct
842 3352 944 3408 cetera
966 3344 1123 3424 οιίαρῶντοιι
1146 3340 1301 3425 verboque
1324 3363 1371 3404 ca·

247 3480 337 3537 reant
358 3472 397 3535 ad
421 3473 508 3556 quod
531 3472 714 3535 referantur.
737 3469 838 3534 Credo
860 3469 958 3553 igitur
976 3477 1047 3553 post
1066 3465 1274 3546 θανριοίζοντοις
1292 3464 1372 3528 enci·

247 3596 327 3661 disse
351 3598 452 3662 ιθοῦσα
474 3603 531 3660 aut
553 3597 617 3660 tale
640 3594 728 3680 qnid.

292 3865 322 3929 p.
348 3845 422 3906 260.
446 3840 481 3907 F.
507 3843 560 3906 Διὸ
583 3840 639 3904 καὶ
659 3839 819 3922 θεραπεύων
842 3838 935 3911 αὐτην
958 3837 971 3902 ὃ
995 3838 1140 3919 Λέαρχος
1165 3835 1369 3914 ἐμνηστεύετο,

247 3967 300 4032 καί
329 3968 378 4032 τὸν
408 3966 520 4031 Βοίττον
542 3963 621 4040 ἦξίοο
644 3966 745 4030 παῖδα
768 3965 874 4037 θέσθαι,
898 3963 1005 4042 γήμας
1027 3963 1144 4035 ἐκείνην,
1167 3960 1220 4024 καί
1243 3961 1370 4025 κοινωνὸν

247 4089 465 4166 ἀποδείξας
495 4097 549 4163 τῆς
579 4091 685 4170 ἀρχῆς.
719 4091 807 4153 Haec
834 4111 898 4153 non
921 4095 1004 4152 recte
1028 4087 1164 4172 cogitata
1186 4091 1272 4150 sunt.
1295 4084 1369 4148 Non
1426 4094 1430 4102 '

247 4224 351 4305 potest
371 4215 655 4306 Learchusfflrimo
674 4213 805 4280 Battum
823 4215 969 4280 iuvenem
989 4214 1151 4278 adsumere
1170 4209 1231 4276 sibi
1250 4209 1369 4274 socium
