3388 5050
839 447 879 508 12

300 654 414 720 melius
438 677 502 720 non
525 656 627 740 posita
650 656 790 720 fuissent.
813 655 932 721 Ordine
956 656 1031 720 mihi
1055 656 1148 720 liceat
1171 680 1207 720 ea
1226 679 1417 722 enumerare.

344 804 374 867 p.
408 785 481 847 243.
514 780 548 844 Il.
580 781 710 845 Editur:
743 775 775 845 εὖ
804 806 837 845 τε
860 779 912 846 καὶ
934 785 1031 853 καλῶς
1055 779 1227 861 πραππυυπιυ
1250 782 1412 862 ἀνθρώποις.

263 951 265 956 -
302 905 458 986 Quoniam
488 905 581 970 verba
604 907 647 970 sic
671 907 772 991 posite
796 906 913 969 nemini
937 906 1143 991 suspicionem
1168 912 1329 970 moverent
1351 929 1419 992 pro·

260 1087 261 1090 ,
300 1036 407 1114 pterea
429 1030 514 1114 quod
539 1030 743 1116 contemplari
767 1053 802 1094 ea
826 1037 948 1114 oportet
970 1032 1003 1094 in
1029 1038 1188 1110 contextu,
1210 1032 1303 1117 paulo
1323 1032 1419 1097 altius

301 1178 364 1219 rem
400 1163 537 1241 repetam
569 1155 773 1239 pluribusque
802 1155 902 1220 verbis
933 1179 1093 1242 exponam.
1125 1155 1228 1222 Verba
1256 1158 1323 1242 ipse
1347 1163 1421 1222 sunt

302 1279 529 1363 elegantissima
562 1287 594 1343 ct
625 1280 812 1344 rectissime:
844 1303 952 1344 sensus
980 1303 1051 1344 vero
1075 1283 1196 1366 percipi
1215 1281 1247 1345 in
1271 1288 1420 1347 contextu

301 1427 363 1468 non
386 1403 476 1467 facile
497 1405 622 1486 poterit.
645 1403 729 1484 Quid
750 1403 877 1488 agitur?
898 1403 988 1468 Troia
1001 1427 1105 1470 eversa
1118 1413 1174 1485 est,
1187 1407 1288 1471 miseri
1301 1407 1421 1472 incolae

301 1529 439 1612 fugiunt,
471 1529 548 1594 mari
578 1536 731 1614 vagantur
760 1537 792 1593 et
822 1527 947 1592 taudem
971 1529 1134 1614 appellunt
1157 1530 1189 1593 in
1213 1529 1340 1594 Italiam
1365 1530 1420 1595 ubi

301 1653 433 1719 ducibus
468 1661 606 1719 carentes
641 1656 753 1719 incerti
789 1656 948 1740 trepidant
982 1657 1153 1720 nescientes
1186 1678 1249 1740 quo
1280 1656 1418 1721 locorum

302 1779 478 1844 habitatum
509 1779 683 1844 concessuri
714 1779 787 1844 sint.
820 1779 971 1844 Mulieres
1001 1803 1072 1844 vero
1103 1783 1151 1865 (ut
1179 1803 1299 1865 semper
1322 1803 1421 1865 genus

301 1903 453 1968 muliebre
476 1911 523 1967 est
545 1926 636 1987 sagax
661 1910 693 1966 et
717 1903 834 1986 sollers)
860 1926 963 1967 secum
985 1911 1132 1988 reputant
1151 1905 1291 1988 quamvis
1311 1902 1421 1985 ἵδρυσιν

304 2028 461 2092 meliorem
497 2051 561 2092 esse
596 2025 738 2092 omnibus
768 2028 836 2090 istis
868 2027 1023 2092 erroribus
1053 2028 1214 2111 malisque.
1247 2031 1421 2111 Hucusque

302 2154 405 2217 omnia
428 2157 510 2216 recte
534 2152 718 2237 procedunt,
743 2154 795 2217 scd
820 2151 940 2216 addunt
963 2149 1110 2216 mulieres
1133 2150 1241 2233 ἵδρυσιν
1261 2152 1420 2217 meliorem

303 2301 367 2341 csse
398 2275 577 2341 hominibus
607 2279 663 2360 qui
693 2279 725 2341 in
758 2300 791 2342 re
821 2278 908 2340 lauta
938 2284 1023 2354 sunt,
1054 2277 1109 2360 qui
1139 2271 1171 2341 εὗ
1193 2300 1226 2340 πε
1248 2275 1301 2342 καὶ
1325 2283 1422 2350 καλῶς

302 2401 484 2483 πράττουσιν.
511 2401 596 2483 Quid
623 2403 678 2466 hoc
701 2401 738 2465 ad
764 2425 839 2480 rem,
864 2400 1001 2485 quaeso?
1021 2401 1108 2465 Num
1129 2402 1189 2487 ipsi
1209 2408 1241 2465 ot
1260 2402 1344 2487 ipsae
1356 2409 1420 2465 tam

306 2527 389 2592 felici
423 2533 505 2592 sorte
537 2527 727 2592 utebantur?
757 2526 830 2592 Non
864 2528 971 2592 credo:
996 2528 1087 2613 pauci
1111 2527 1192 2592 hanc
1215 2533 1340 2605 sortem,
1364 2525 1421 2591 deo

301 2659 469 2729 annuente,
500 2652 557 2716 sibi
593 2653 756 2737 eligerent.
787 2652 859 2734 Quo
895 2653 985 2716 modo
1017 2651 1093 2717 haec
1117 2651 1208 2716 verba
1231 2653 1421 2738 irrepserint,

301 2779 464 2842 ostendere
494 2800 630 2862 nequeo:
666 2778 719 2840 sed
751 2799 933 2862 persuasum
958 2777 1035 2842 mihi
1057 2776 1156 2842 habeo
1180 2777 1333 2842 elicienda
1357 2801 1422 2842 osse

301 2904 417 2989 quippe
442 2925 538 2987 quum
564 2925 655 2966 sensu
679 2908 814 2967 careant.

345 3051 376 3114 p.
403 3031 476 3092 248.
501 3027 537 3092 B.
561 3028 601 3092 In
623 3026 719 3112 Lycia
743 3028 801 3092 hoc
824 3033 1004 3112 portentum
1029 3027 1145 3091 iactum
1170 3050 1236 3091 esse
1256 3012 1418 3090 narratur:

301 3153 558 3238 Bellerophontes
580 3152 802 3217 contumeliose
826 3157 978 3216 tractatus
1001 3175 1019 3214 a
1043 3174 1113 3235 rege
1134 3149 1242 3215 Iobate
1265 3151 1294 3215 ei
1314 3151 1425 3236 impre-

302 3286 389 3342 catus
423 3283 471 3342 est
505 3301 522 3341 a
557 3277 709 3358 Neptuno
741 3277 967 3342 infortunium:
1000 3299 1062 3361 quo
1092 3277 1173 3341 iacto
1204 3275 1309 3340 stetim
1341 3298 1425 3339 mare

302 3407 334 3469 in
369 3411 482 3468 terram
516 3402 638 3466 invasit.
674 3401 743 3466 Viri
777 3425 795 3464 a
828 3400 1071 3486 Bellerophonte
1102 3401 1223 3467 veniam
1254 3400 1421 3486 impetrare

302 3552 365 3594 nou
397 3534 591 3615 potuerunt:
623 3527 768 3592 mulieres
803 3549 874 3591 vero
908 3527 1024 3591 tunicis
1061 3525 1193 3590 sublatis
1226 3525 1284 3589 hoc
1320 3525 1424 3590 effece-

302 3659 377 3718 runt
408 3660 445 3716 nt
474 3652 730 3738 Bellerophontes
761 3674 834 3737 prae
857 3639 977 3737 pudore
997 3651 1155 3715 recederet
1179 3656 1212 3714 ct
1235 3650 1328 3714 simul
1353 3673 1424 3715 cum

302 3801 338 3843 eo
367 3777 492 3844 fluctus.
526 3779 592 3842 Alii
622 3778 725 3842 minus
748 3775 955 3862 superstitiosi
978 3783 1107 3841 narrant
1130 3798 1216 3840 mare
1239 3797 1301 3840 non
1325 3775 1364 3839 ab
1389 3798 1424 3840 eo

302 3901 473 3968 adductum
498 3926 563 3967 esso
587 3902 640 3966 sed
660 3906 712 3966 τοῦ
731 3901 828 3966 πεδίου
845 3901 877 3965 πὸ
897 3899 1034 3965 πιότατον
1052 3901 1219 3966 ὑποκεῖσθαι
1238 3908 1274 3982 τῇ
1289 3898 1422 3981 θαλάττῃ

303 4028 538 4114 [reuersurum]
564 4027 643 4106 Quis
666 4049 728 4090 non
753 4025 839 4089 videt
860 4024 1055 4107 ταπεινότερον
1079 4049 1143 4090 esse
1167 4024 1310 4089 miseram
1330 4024 1413 4109 expli

303 4153 455 4216 cationem
486 4151 554 4215 ludi
587 4151 725 4235 magistri
755 4150 810 4234 qui
842 4156 948 4216 monet
978 4150 1055 4234 quid
1079 4150 1136 4214 sibi
1162 4149 1239 4214 velit
1261 4150 1425 4214 ὑποκεῖσθαι
