3388 5050
754 565 795 625 33

219 775 349 854 ἐρωτῶσι,
372 771 428 837 κίον
451 771 560 836 ἄλλοί
573 771 594 811 l
617 794 667 835 ται
689 770 730 834 τίι
753 775 876 835 τοιαῦτα
899 769 1094 851 διακρούονται
1116 775 1191 833 cett.
1215 768 1344 834 Lacuna

220 897 348 963 fortasse
383 898 468 962 huno
502 899 534 960 in
568 896 694 960 modum
727 895 879 979 explenda
912 896 988 959 erit:
1020 893 1075 959 κίον
1106 893 1214 979 ι’ίνινιι[ς
1238 894 1345 966 αὐτοὺς

220 1023 325 1106 ἕρω]τᾷ
348 1020 535 1086 τὰτοιαῦτα
560 1028 634 1086 cett.

265 1302 296 1365 p.
329 1282 403 1343 632.
434 1280 470 1344 B.
502 1277 633 1342 Editur:
664 1277 716 1343 καί
749 1282 901 1352 Κνντοῦ
931 1282 982 1342 τοῦ
1006 1275 1144 1357 ἡμετέρου
1171 1275 1344 1362 (μέμνησαι

221 1401 311 1488 wip).
344 1402 456 1476 Kunro'e
483 1426 597 1468 nomen
619 1405 777 1488 proprium
801 1402 977 1466 Romanum
1002 1406 1153 1466 nonest:
1177 1401 1345 1484 legendum

222 1551 287 1592 esse
318 1526 466 1592 arbitror:
490 1527 658 1592 Κοίντον.
685 1527 842 1607 Ceterum,
865 1549 1034 1611 quemnam
1059 1524 1216 1606 Quintum
1241 1533 1345 1590 noster

222 1653 316 1734 dieat,
340 1655 528 1739 investigare
551 1676 613 1718 nou
638 1655 736 1739 potui.

269 1922 299 1984 p.
325 1902 399 1963 636.
424 1900 461 1964 Β.
481 1899 616 1964 Ponitur
635 1900 798 1964 notissima
817 1900 970 1983 quaestio,
988 1906 1095 1963 nostra
1106 1921 1234 1983 quoque
1245 1906 1349 1963 aetate

227 2023 377 2088 Darwinii
412 2023 554 2088 doctrina
588 2024 732 2106 elucente
766 2024 907 2088 nondum
938 2024 1052 2102 solutu,
1084 2031 1191 2087 utrum
1229 2023 1348 2108 gallina

225 2149 311 2232 prius
333 2148 432 2212 luerit
453 2169 493 2212 an
517 2170 621 2211 ovum.
646 2147 811 2232 Legimus:
836 2149 861 2212 εί
883 2148 941 2230 pap
966 2149 1007 2212 τίο
1030 2147 1121 2229 μικροί
1144 2149 1192 2213 δεῖ
1208 2156 1347 2228 στοιχεῖα

224 2275 280 2335 τῶν
306 2271 448 2350 μενιίλων
471 2272 572 2353 οίρχίις
596 2272 787 2346 ὑποτίθεσθαι,
813 2277 959 2353 πρῶτον
982 2271 1055 2346 είαιίς
1077 2274 1139 2337 ἐστι
1162 2273 1196 2338 τὸ
1219 2273 1270 2354 ᾠὸν
1293 2298 1347 2351 γε·

224 2396 338 2474 νονίναι
368 2404 422 2471 τῆς
452 2395 561 2474 ὄρνιθος.
594 2395 777 2461 Necessario
808 2398 977 2482 legendum
1003 2405 1050 2461 est
1073 2396 1251 2478 πρότερον
1273 2397 1347 2470 είκίς

227 2523 296 2586 ἐστι.
330 2523 445 2607 Agitur
476 2523 560 2586 enim
590 2528 716 2587 tantum
746 2521 786 2586 de
815 2522 937 2587 duabus
968 2522 1071 2602 rebus,
1103 2522 1142 2586 de
1171 2545 1229 2587 ovo
1253 2523 1347 2586 etde

224 2646 350 2732 gallina.
381 2645 526 2712 Errorem
557 2649 747 2712 eontrarium
778 2649 977 2713 commissum
1008 2648 1097 2713 video
1128 2649 1161 2712 iu
1185 2649 1346 2713 vicinitate

225 2793 256 2857 p.
281 2775 356 2835 638.
381 2771 417 2835 G.
440 2772 494 2844 τὴν
516 2771 616 2846 ιιιίλην
638 2774 904 2854 ἀρχαιοτέραν
926 2773 1109 2853 οίίλνμοίτων
1131 2774 1249 2839 πάντων
1272 2775 1348 2839 alao-

225 2895 410 2976 φαινίαενος,
447 2896 501 2961 ubi
537 2899 755 2984 corrigendum
791 2906 837 2963 est
867 2898 1159 2980 αρχαιίτατονι
1191 2905 1351 2984 praeterea

225 3022 309 3085 enim
337 3044 436 3106 genus
467 3029 615 3086 neutrum
640 3024 828 3106 requiritur:
854 3025 913 3088 hoo
936 3025 1018 3088 enim
1046 3032 1153 3089 noster
1175 3024 1349 3108 significare

227 3146 343 3211 voluit:
364 3148 381 3221 ἦ
401 3147 484 3222 ποίαν
506 3148 586 3212 ἐστίν
604 3148 803 3230 ἀρχαιότατον
822 3148 947 3228 ἄθλημα
959 3148 1076 3213 πάντων
1088 3154 1144 3213 τῶν
1155 3149 1347 3227 οίίλνμοίοοιν.

271 3416 303 3480 p.
335 3397 409 3460 656.
441 3398 480 3460 A.
504 3394 533 3460 ἔν
556 3419 630 3461 τισιν
652 3397 768 3471 ἐνίοις
791 3397 971 3478 νροίμμαοιν
994 3399 1171 3476 ιίνεγνοναοίς.
1198 3398 1285 3480 Quid
1308 3399 1349 3462 sit

227 3516 257 3582 ἓν
279 3542 352 3584 τισιν
375 3520 453 3592 ἐνίοις
476 3520 652 3602 γράμμασιν
676 3544 782 3586 omnes
805 3523 1019 3607 intelligemus
1041 3523 1210 3590 dummodo
1231 3524 1351 3588 delere-

228 3642 326 3708 rimus
356 3645 453 3718 ἕνίοιςι
484 3645 564 3710 nihil
596 3647 678 3710 enim
710 3654 758 3711 est
789 3649 849 3712 nisi
882 3648 983 3712 stulta
1012 3650 1158 3734 repetitio
1182 3656 1215 3714 et
1237 3649 1350 3714 debilis

228 3771 409 3847 ταῦταλογία
441 3775 492 3836 τοῦ
527 3795 608 3836 τισιν.
645 3773 696 3836 sic
729 3773 785 3838 diu
820 3774 980 3860 putabam,
1016 3774 1113 3839 donee
1150 3799 1197 3839 me
1228 3775 1352 3840 monuit

229 3892 494 3980 Wyttenbaohius
525 3902 562 3959 ut
585 3920 690 3961 seeum
713 3921 769 3983 pro
794 3900 873 3972 ἐνίοις
896 3898 1070 3980 ἔναγχος
1093 3901 1239 3985 legerem,
1263 3900 1350 3984 quod

195 4097 200 4116 ι
230 4021 328 4104 magis
353 4020 513 4105 probabile
537 4021 614 4084 mihi
638 4023 761 4086 videtur
784 4031 947 4108 propterea
965 4023 1050 4110 quod
1069 4049 1143 4090 τισιν
1162 4024 1349 4089 vocabulum

229 4153 277 4209 est
306 4151 370 4209 tam
402 4153 513 4211 uotum
544 4154 582 4210 ut
611 4148 661 4210 vix
686 4147 770 4212 credi
793 4150 890 4232 possit
912 4149 946 4212 in
969 4150 1028 4213 hoo
1051 4171 1175 4234 quoque
1199 4150 1349 4215 vocabulo

228 4271 420 4362 magistellos
443 4273 569 4336 miseras
591 4273 810 4358 explicationes
835 4253 1241 4340 contempseramus
1260 4275 1350 4362 Wyt-
1439 4307 1442 4312 ¹

1204 4388 1219 4430 a
