<?xml version="1.0" encoding="UTF-8"?>
<!DOCTYPE html PUBLIC "-//W3C//DTD XHTML 1.0 Transitional//EN"
    "http://www.w3.org/TR/xhtml1/DTD/xhtml1-transitional.dtd">
<html xmlns="http://www.w3.org/1999/xhtml" xml:lang="en" lang="en">
 <head>
  <title>
</title>
<meta http-equiv="Content-Type" content="text/html;charset=utf-8" />
  <meta name='ocr-system' content='tesseract 3.04.00' />
  <meta name='ocr-capabilities' content='ocr_page ocr_carea ocr_par ocr_line ocrx_word'/>
</head>
<body>
  <div class='ocr_page' id='page_1' title='image "animadversiones00bollgoog_0026.png"; bbox 0 0 3388 5050; ppageno 0'>
   <div class='ocr_carea' id='block_1_1' title="bbox 777 493 797 552">
    <p class='ocr_par' dir='ltr' id='par_1_1' title="bbox 777 493 797 552">
     <span class='ocr_line' id='line_1_1' title="bbox 777 493 797 552; baseline 0 0"><span class='ocrx_word' id='word_1_1' title='bbox 777 493 797 552; x_wconf 81' lang='grc'>9</span> 
     </span>
    </p>
   </div>
   <div class='ocr_carea' id='block_1_2' title="bbox 228 687 1351 777">
    <p class='ocr_par' dir='ltr' id='par_1_2' title="bbox 228 687 1351 777">
     <span class='ocr_line' id='line_1_2' title="bbox 228 687 1351 777; baseline -0.001 -15"><span class='ocrx_word' id='word_1_2' title='bbox 228 699 361 763; x_wconf 90' lang='lat' dir='ltr'><strong>habent:</strong></span> <span class='ocrx_word' id='word_1_3' title='bbox 394 704 478 762; x_wconf 88' lang='lat' dir='ltr'><strong>certa</strong></span> <span class='ocrx_word' id='word_1_4' title='bbox 508 704 540 762; x_wconf 85' lang='lat' dir='ltr'><strong>et</strong></span> <span class='ocrx_word' id='word_1_5' title='bbox 570 703 716 761; x_wconf 75' lang='lat' dir='ltr'><strong>constans</strong></span> <span class='ocrx_word' id='word_1_6' title='bbox 743 696 862 760; x_wconf 88' lang='lat' dir='ltr'><strong>locutio</strong></span> <span class='ocrx_word' id='word_1_7' title='bbox 893 695 1003 760; x_wconf 74' lang='lat' dir='ltr'><strong>estrat</strong></span> <span class='ocrx_word' id='word_1_8' title='bbox 1025 696 1090 777; x_wconf 77' lang='grc' dir='ltr'><strong>περὶ</strong></span> <span class='ocrx_word' id='word_1_9' title='bbox 1113 704 1167 770; x_wconf 79' lang='grc' dir='ltr'><strong>τῆς</strong></span> <span class='ocrx_word' id='word_1_10' title='bbox 1190 687 1280 769; x_wconf 78' lang='grc' dir='ltr'><strong><em>οἰκίας</em></strong></span> <span class='ocrx_word' id='word_1_11' title='bbox 1302 721 1351 762; x_wconf 89' lang='lat' dir='ltr'><strong>res</strong></span> 
     </span>
    </p>
   </div>
   <div class='ocr_carea' id='block_1_3' title="bbox 229 819 1351 907">
    <p class='ocr_par' dir='ltr' id='par_1_3' title="bbox 229 819 1351 907">
     <span class='ocr_line' id='line_1_3' title="bbox 229 819 1351 907; baseline 0 -20"><span class='ocrx_word' id='word_1_12' title='bbox 229 823 433 887; x_wconf 78' lang='lat' dir='ltr'><strong>domesticae:</strong></span> <span class='ocrx_word' id='word_1_13' title='bbox 456 822 634 907; x_wconf 89' lang='lat' dir='ltr'><strong>saepissime</strong></span> <span class='ocrx_word' id='word_1_14' title='bbox 656 824 742 885; x_wconf 88' lang='lat' dir='ltr'><strong>iuter</strong></span> <span class='ocrx_word' id='word_1_15' title='bbox 764 843 830 884; x_wconf 86' lang='lat' dir='ltr'><strong>sese</strong></span> <span class='ocrx_word' id='word_1_16' title='bbox 854 820 1092 885; x_wconf 86' lang='lat' dir='ltr'><strong>confunduntur</strong></span> <span class='ocrx_word' id='word_1_17' title='bbox 1111 819 1161 884; x_wconf 75' lang='grc' dir='ltr'><strong>ἐπὶ</strong></span> <span class='ocrx_word' id='word_1_18' title='bbox 1181 820 1299 901; x_wconf 61' lang='grc' dir='ltr'><strong>οἱπερὶ,</strong></span> <span class='ocrx_word' id='word_1_19' title='bbox 1312 821 1351 887; x_wconf 89' lang='lat' dir='ltr'><strong>de</strong></span> 
     </span>
    </p>
   </div>
   <div class='ocr_carea' id='block_1_4' title="bbox 227 944 871 1032">
    <p class='ocr_par' dir='ltr' id='par_1_4' title="bbox 227 944 871 1032">
     <span class='ocr_line' id='line_1_4' title="bbox 227 944 871 1032; baseline -0.003 -21"><span class='ocrx_word' id='word_1_20' title='bbox 227 970 290 1032; x_wconf 92' lang='lat' dir='ltr'><strong>qua</strong></span> <span class='ocrx_word' id='word_1_21' title='bbox 313 970 347 1011; x_wconf 90' lang='lat' dir='ltr'><strong>re</strong></span> <span class='ocrx_word' id='word_1_22' title='bbox 370 947 408 1012; x_wconf 85' lang='lat' dir='ltr'><strong>cf.</strong></span> <span class='ocrx_word' id='word_1_23' title='bbox 432 945 508 1010; x_wconf 87' lang='lat' dir='ltr'><strong>Cob.</strong></span> <span class='ocrx_word' id='word_1_24' title='bbox 531 944 605 1010; x_wconf 77' lang='lat' dir='ltr'><strong>Var.</strong></span> <span class='ocrx_word' id='word_1_25' title='bbox 629 945 717 1010; x_wconf 85' lang='lat' dir='ltr'><strong>Lect.</strong></span> <span class='ocrx_word' id='word_1_26' title='bbox 740 967 771 1030; x_wconf 93' lang='lat' dir='ltr'><strong>p.</strong></span> <span class='ocrx_word' id='word_1_27' title='bbox 796 948 871 1009; x_wconf 88' lang='grc'><strong>692.</strong></span> 
     </span>
    </p>
   </div>
   <div class='ocr_carea' id='block_1_5' title="bbox 229 1190 1354 2154">
    <p class='ocr_par' dir='ltr' id='par_1_5' title="bbox 229 1190 1354 2154">
     <span class='ocr_line' id='line_1_5' title="bbox 272 1190 1351 1279; baseline 0 -23"><span class='ocrx_word' id='word_1_28' title='bbox 272 1217 304 1279; x_wconf 91' lang='lat' dir='ltr'><strong>p.</strong></span> <span class='ocrx_word' id='word_1_29' title='bbox 330 1197 403 1256; x_wconf 90' lang='grc'><strong>522.</strong></span> <span class='ocrx_word' id='word_1_30' title='bbox 429 1192 468 1256; x_wconf 90' lang='lat' dir='ltr'><strong>D.</strong></span> <span class='ocrx_word' id='word_1_31' title='bbox 493 1190 564 1258; x_wconf 78' lang='grc' dir='ltr'><strong><em>οὕτω</em></strong></span> <span class='ocrx_word' id='word_1_32' title='bbox 587 1192 632 1264; x_wconf 81' lang='grc' dir='ltr'><strong>τίς</strong></span> <span class='ocrx_word' id='word_1_33' title='bbox 653 1192 715 1256; x_wconf 82' lang='grc' dir='ltr'><strong><em>ἐστι</em></strong></span> <span class='ocrx_word' id='word_1_34' title='bbox 737 1191 932 1273; x_wconf 72' lang='grc' dir='ltr'><strong>γλυκύπικρος</strong></span> <span class='ocrx_word' id='word_1_35' title='bbox 954 1190 1007 1256; x_wconf 78' lang='grc' dir='ltr'><strong><em>καὶ</em></strong></span> <span class='ocrx_word' id='word_1_36' title='bbox 1030 1192 1275 1272; x_wconf 76' lang='grc' dir='ltr'><strong><em>άκατάσχετσςὸ</em></strong></span> <span class='ocrx_word' id='word_1_37' title='bbox 1297 1200 1351 1266; x_wconf 78' lang='grc' dir='ltr'><strong>τῆς</strong></span> 
     </span>
     <span class='ocr_line' id='line_1_6' title="bbox 231 1315 1352 1400; baseline 0 -18"><span class='ocrx_word' id='word_1_38' title='bbox 231 1317 520 1400; x_wconf 72' lang='grc' dir='ltr'><strong>πολυπραγμοσύνης</strong></span> <span class='ocrx_word' id='word_1_39' title='bbox 549 1318 769 1397; x_wconf 71' lang='grc' dir='ltr'><strong><em>γαργαλισμὸς,</em></strong></span> <span class='ocrx_word' id='word_1_40' title='bbox 799 1315 894 1397; x_wconf 74' lang='grc' dir='ltr'><strong><em>ὥσπερ</em></strong></span> <span class='ocrx_word' id='word_1_41' title='bbox 917 1315 1001 1389; x_wconf 79' lang='grc' dir='ltr'><strong><em>ἕλκος</em></strong></span> <span class='ocrx_word' id='word_1_42' title='bbox 1023 1316 1227 1395; x_wconf 84' lang='grc' dir='ltr'><strong><em>αἱμάσσων</em></strong></span> <span class='ocrx_word' id='word_1_43' title='bbox 1249 1319 1352 1382; x_wconf 80' lang='grc' dir='ltr'><strong><em>ἑαυτὸν</em></strong></span> 
     </span>
     <span class='ocr_line' id='line_1_7' title="bbox 230 1442 1354 1528; baseline -0.002 -19"><span class='ocrx_word' id='word_1_44' title='bbox 230 1443 301 1509; x_wconf 73' lang='grc' dir='ltr'><strong><em>ὅταν</em></strong></span> <span class='ocrx_word' id='word_1_45' title='bbox 330 1443 514 1522; x_wconf 77' lang='grc' dir='ltr'><strong><em>άμύσσνται.</em></strong></span> <span class='ocrx_word' id='word_1_46' title='bbox 545 1442 659 1526; x_wconf 88' lang='lat' dir='ltr'><strong>Itaque</strong></span> <span class='ocrx_word' id='word_1_47' title='bbox 682 1443 727 1506; x_wconf 90' lang='lat' dir='ltr'><strong>sic</strong></span> <span class='ocrx_word' id='word_1_48' title='bbox 750 1442 825 1505; x_wconf 89' lang='lat' dir='ltr'><strong>haec</strong></span> <span class='ocrx_word' id='word_1_49' title='bbox 848 1443 997 1506; x_wconf 88' lang='lat' dir='ltr'><strong>vertenda</strong></span> <span class='ocrx_word' id='word_1_50' title='bbox 1019 1450 1112 1507; x_wconf 87' lang='lat' dir='ltr'><strong>sunt:</strong></span> <span class='ocrx_word' id='word_1_51' title='bbox 1137 1443 1278 1528; x_wconf 89' lang='lat' dir='ltr'><strong>pruritus</strong></span> <span class='ocrx_word' id='word_1_52' title='bbox 1301 1466 1354 1507; x_wconf 89' lang='lat' dir='ltr'><strong>cu·</strong></span> 
     </span>
     <span class='ocr_line' id='line_1_8' title="bbox 229 1567 1353 1652; baseline -0.002 -18"><span class='ocrx_word' id='word_1_53' title='bbox 229 1570 378 1634; x_wconf 88' lang='lat' dir='ltr'><strong>riositatis</strong></span> <span class='ocrx_word' id='word_1_54' title='bbox 400 1577 448 1632; x_wconf 88' lang='lat' dir='ltr'><strong>est</strong></span> <span class='ocrx_word' id='word_1_55' title='bbox 469 1570 514 1632; x_wconf 91' lang='lat' dir='ltr'><strong>ita</strong></span> <span class='ocrx_word' id='word_1_56' title='bbox 537 1567 695 1633; x_wconf 86' lang='lat' dir='ltr'><strong>iucundus</strong></span> <span class='ocrx_word' id='word_1_57' title='bbox 720 1575 756 1630; x_wconf 90' lang='lat' dir='ltr'><strong>ut</strong></span> <span class='ocrx_word' id='word_1_58' title='bbox 779 1567 895 1630; x_wconf 87' lang='lat' dir='ltr'><strong>vulnus</strong></span> <span class='ocrx_word' id='word_1_59' title='bbox 917 1590 950 1631; x_wconf 90' lang='lat' dir='ltr'><strong>se</strong></span> <span class='ocrx_word' id='word_1_60' title='bbox 973 1568 1075 1652; x_wconf 89' lang='lat' dir='ltr'><strong>ipsum</strong></span> <span class='ocrx_word' id='word_1_61' title='bbox 1099 1569 1249 1651; x_wconf 86' lang='lat' dir='ltr'><strong>sanguiue</strong></span> <span class='ocrx_word' id='word_1_62' title='bbox 1272 1591 1353 1632; x_wconf 92' lang='lat' dir='ltr'><strong>com·</strong></span> 
     </span>
     <span class='ocr_line' id='line_1_9' title="bbox 232 1691 1351 1778; baseline -0.003 -19"><span class='ocrx_word' id='word_1_63' title='bbox 232 1694 390 1759; x_wconf 73' lang='lat' dir='ltr'><strong>maculans</strong></span> <span class='ocrx_word' id='word_1_64' title='bbox 425 1693 481 1757; x_wconf 91' lang='lat' dir='ltr'><strong>ubi</strong></span> <span class='ocrx_word' id='word_1_65' title='bbox 513 1693 677 1778; x_wconf 82' lang='lat' dir='ltr'><strong>pungitur.</strong></span> <span class='ocrx_word' id='word_1_66' title='bbox 713 1691 803 1770; x_wconf 79' lang='lat' dir='ltr'><strong>Quae</strong></span> <span class='ocrx_word' id='word_1_67' title='bbox 836 1714 899 1756; x_wconf 92' lang='lat' dir='ltr'><strong>nou</strong></span> <span class='ocrx_word' id='word_1_68' title='bbox 929 1698 1107 1776; x_wconf 88' lang='lat' dir='ltr'><strong>congruunt</strong></span> <span class='ocrx_word' id='word_1_69' title='bbox 1128 1714 1199 1756; x_wconf 91' lang='lat' dir='ltr'><strong>cum</strong></span> <span class='ocrx_word' id='word_1_70' title='bbox 1223 1695 1351 1777; x_wconf 84' lang='lat' dir='ltr'><strong>graecis,</strong></span> 
     </span>
     <span class='ocr_line' id='line_1_10' title="bbox 234 1817 1352 1902; baseline -0.001 -19"><span class='ocrx_word' id='word_1_71' title='bbox 234 1818 391 1896; x_wconf 79' lang='grc' dir='ltr'><strong><em>αἱμάσσων</em></strong></span> <span class='ocrx_word' id='word_1_72' title='bbox 414 1819 495 1882; x_wconf 89' lang='lat' dir='ltr'><strong>enim</strong></span> <span class='ocrx_word' id='word_1_73' title='bbox 518 1819 552 1882; x_wconf 91' lang='lat' dir='ltr'><strong>in</strong></span> <span class='ocrx_word' id='word_1_74' title='bbox 575 1817 704 1902; x_wconf 85' lang='lat' dir='ltr'><strong>vulgata</strong></span> <span class='ocrx_word' id='word_1_75' title='bbox 725 1817 859 1881; x_wconf 84' lang='lat' dir='ltr'><strong>refertur</strong></span> <span class='ocrx_word' id='word_1_76' title='bbox 881 1817 920 1882; x_wconf 89' lang='lat' dir='ltr'><strong>ad</strong></span> <span class='ocrx_word' id='word_1_77' title='bbox 943 1817 1118 1901; x_wconf 81' lang='lat' dir='ltr'>pruritum:</span> <span class='ocrx_word' id='word_1_78' title='bbox 1137 1817 1192 1880; x_wconf 90' lang='lat' dir='ltr'><strong>sed</strong></span> <span class='ocrx_word' id='word_1_79' title='bbox 1210 1819 1352 1902; x_wconf 87' lang='lat' dir='ltr'><strong>pruritus</strong></span> 
     </span>
     <span class='ocr_line' id='line_1_11' title="bbox 231 1942 1352 2029; baseline -0.001 -21"><span class='ocrx_word' id='word_1_80' title='bbox 231 1967 293 2008; x_wconf 92' lang='lat' dir='ltr'><strong>nou</strong></span> <span class='ocrx_word' id='word_1_81' title='bbox 315 1944 468 2029; x_wconf 87' lang='lat' dir='ltr'><strong>sauguine</strong></span> <span class='ocrx_word' id='word_1_82' title='bbox 491 1967 524 2006; x_wconf 82' lang='lat' dir='ltr'><strong>se</strong></span> <span class='ocrx_word' id='word_1_83' title='bbox 547 1942 752 2006; x_wconf 80' lang='lat' dir='ltr'><strong>commaculat</strong></span> <span class='ocrx_word' id='word_1_84' title='bbox 774 1965 880 2006; x_wconf 85' lang='lat' dir='ltr'><strong>verum</strong></span> <span class='ocrx_word' id='word_1_85' title='bbox 906 1942 1021 2006; x_wconf 86' lang='lat' dir='ltr'><strong>vulnus</strong></span> <span class='ocrx_word' id='word_1_86' title='bbox 1043 1943 1146 2027; x_wconf 90' lang='lat' dir='ltr'><strong>ipsum</strong></span> <span class='ocrx_word' id='word_1_87' title='bbox 1170 1942 1229 2007; x_wconf 92' lang='lat' dir='ltr'><strong>hoc</strong></span> <span class='ocrx_word' id='word_1_88' title='bbox 1252 1942 1352 2007; x_wconf 83' lang='lat' dir='ltr'><strong>lacere</strong></span> 
     </span>
     <span class='ocr_line' id='line_1_12' title="bbox 231 2065 1236 2154; baseline -0.003 -21"><span class='ocrx_word' id='word_1_89' title='bbox 231 2069 373 2154; x_wconf 86' lang='lat' dir='ltr'><strong>fingitur.</strong></span> <span class='ocrx_word' id='word_1_90' title='bbox 396 2068 503 2152; x_wconf 83' lang='lat' dir='ltr'>Igitur</span> <span class='ocrx_word' id='word_1_91' title='bbox 525 2068 691 2152; x_wconf 85' lang='lat' dir='ltr'><strong>legendum</strong></span> <span class='ocrx_word' id='word_1_92' title='bbox 717 2089 842 2131; x_wconf 90' lang='lat' dir='ltr'><strong>censeo:</strong></span> <span class='ocrx_word' id='word_1_93' title='bbox 867 2067 907 2130; x_wconf 83' lang='grc' dir='ltr'><strong>αἱ</strong></span> <span class='ocrx_word' id='word_1_94' title='bbox 914 2065 1065 2145; x_wconf 90' lang='grc' dir='ltr'><strong><em>μάσσον</em></strong></span> <span class='ocrx_word' id='word_1_95' title='bbox 1087 2067 1204 2132; x_wconf 80' lang='grc' dir='ltr'><strong><em>ἑαυτά</em></strong></span> <span class='ocrx_word' id='word_1_96' title='bbox 1212 2092 1236 2130; x_wconf 93' lang='grc' dir='ltr'><strong>ν.</strong></span> 
     </span>
    </p>
   </div>
   <div class='ocr_carea' id='block_1_6' title="bbox 272 2309 1350 2402">
    <p class='ocr_par' dir='ltr' id='par_1_6' title="bbox 272 2309 1350 2402">
     <span class='ocr_line' id='line_1_13' title="bbox 272 2309 1350 2402; baseline 0 -22"><span class='ocrx_word' id='word_1_97' title='bbox 272 2339 303 2402; x_wconf 91' lang='lat' dir='ltr'><strong>p.</strong></span> <span class='ocrx_word' id='word_1_98' title='bbox 340 2320 414 2380; x_wconf 89' lang='grc'><strong>522.</strong></span> <span class='ocrx_word' id='word_1_99' title='bbox 444 2315 483 2380; x_wconf 79' lang='grc' dir='ltr'><strong>Ε.</strong></span> <span class='ocrx_word' id='word_1_100' title='bbox 516 2312 617 2379; x_wconf 78' lang='grc' dir='ltr'><strong><em>Ὀταν</em></strong></span> <span class='ocrx_word' id='word_1_101' title='bbox 647 2313 679 2378; x_wconf 77' lang='grc' dir='ltr'><strong>δὲ’</strong></span> <span class='ocrx_word' id='word_1_102' title='bbox 700 2338 760 2386; x_wconf 83' lang='grc' dir='ltr'><strong>τις</strong></span> <span class='ocrx_word' id='word_1_103' title='bbox 784 2309 838 2386; x_wconf 81' lang='grc' dir='ltr'><strong>οἷς</strong></span> <span class='ocrx_word' id='word_1_104' title='bbox 860 2311 971 2388; x_wconf 79' lang='grc' dir='ltr'><strong><em>ἔξεστιν</em></strong></span> <span class='ocrx_word' id='word_1_105' title='bbox 994 2315 1111 2396; x_wconf 78' lang='grc' dir='ltr'><strong><em>ἰσχυρὸν</em></strong></span> <span class='ocrx_word' id='word_1_106' title='bbox 1135 2315 1350 2396; x_wconf 76' lang='grc' dir='ltr'><strong><em>άπεργάσκται.</em></strong></span> 
     </span>
    </p>
   </div>
   <div class='ocr_carea' id='block_1_7' title="bbox 233 2439 1352 2526">
    <p class='ocr_par' dir='ltr' id='par_1_7' title="bbox 233 2439 1352 2526">
     <span class='ocr_line' id='line_1_14' title="bbox 233 2439 1352 2526; baseline 0.001 -22"><span class='ocrx_word' id='word_1_107' title='bbox 233 2440 359 2506; x_wconf 90' lang='lat' dir='ltr'><strong>Dubius</strong></span> <span class='ocrx_word' id='word_1_108' title='bbox 381 2441 458 2504; x_wconf 85' lang='lat' dir='ltr'><strong>milri</strong></span> <span class='ocrx_word' id='word_1_109' title='bbox 480 2440 531 2504; x_wconf 90' lang='lat' dir='ltr'><strong>hic</strong></span> <span class='ocrx_word' id='word_1_110' title='bbox 554 2463 630 2504; x_wconf 85' lang='lat' dir='ltr'><strong>usus</strong></span> <span class='ocrx_word' id='word_1_111' title='bbox 650 2439 801 2522; x_wconf 89' lang='lat' dir='ltr'><strong>loquendi</strong></span> <span class='ocrx_word' id='word_1_112' title='bbox 824 2440 957 2504; x_wconf 80' lang='lat' dir='ltr'><strong>videtur.</strong></span> <span class='ocrx_word' id='word_1_113' title='bbox 982 2441 1050 2503; x_wconf 85' lang='lat' dir='ltr'><strong>Aut</strong></span> <span class='ocrx_word' id='word_1_114' title='bbox 1073 2446 1144 2526; x_wconf 88' lang='lat' dir='ltr'><strong>post</strong></span> <span class='ocrx_word' id='word_1_115' title='bbox 1166 2465 1212 2513; x_wconf 79' lang='grc' dir='ltr'><strong>τις</strong></span> <span class='ocrx_word' id='word_1_116' title='bbox 1235 2442 1352 2505; x_wconf 83' lang='lat' dir='ltr'><strong>excidit</strong></span> 
     </span>
    </p>
   </div>
   <div class='ocr_carea' id='block_1_8' title="bbox 228 2558 879 2644">
    <p class='ocr_par' dir='ltr' id='par_1_8' title="bbox 228 2558 879 2644">
     <span class='ocr_line' id='line_1_15' title="bbox 228 2558 879 2644; baseline -0.005 -14"><span class='ocrx_word' id='word_1_117' title='bbox 228 2565 346 2638; x_wconf 84' lang='grc' dir='ltr'><strong><em>τούτων,</em></strong></span> <span class='ocrx_word' id='word_1_118' title='bbox 369 2571 426 2629; x_wconf 89' lang='lat' dir='ltr'><strong>aut</strong></span> <span class='ocrx_word' id='word_1_119' title='bbox 448 2560 487 2637; x_wconf 81' lang='grc' dir='ltr'><strong>οἷς</strong></span> <span class='ocrx_word' id='word_1_120' title='bbox 511 2565 544 2628; x_wconf 92' lang='lat' dir='ltr'><strong>in</strong></span> <span class='ocrx_word' id='word_1_121' title='bbox 567 2558 588 2644; x_wconf 78' lang='grc' dir='ltr'><strong><em>ᾦ</em></strong></span> <span class='ocrx_word' id='word_1_122' title='bbox 612 2563 798 2627; x_wconf 90' lang='lat' dir='ltr'><strong>mutandum</strong></span> <span class='ocrx_word' id='word_1_123' title='bbox 822 2570 879 2627; x_wconf 91' lang='lat' dir='ltr'><strong>est.</strong></span> 
     </span>
    </p>
   </div>
   <div class='ocr_carea' id='block_1_9' title="bbox 226 2810 1352 3646">
    <p class='ocr_par' dir='ltr' id='par_1_9' title="bbox 226 2810 1352 3646">
     <span class='ocr_line' id='line_1_16' title="bbox 272 2810 1352 2897; baseline 0.003 -23"><span class='ocrx_word' id='word_1_124' title='bbox 272 2832 302 2895; x_wconf 91' lang='lat' dir='ltr'><strong>p.</strong></span> <span class='ocrx_word' id='word_1_125' title='bbox 340 2812 412 2874; x_wconf 87' lang='grc'><strong>523.</strong></span> <span class='ocrx_word' id='word_1_126' title='bbox 449 2810 484 2874; x_wconf 75' lang='lat' dir='ltr'><strong>F.</strong></span> <span class='ocrx_word' id='word_1_127' title='bbox 516 2812 658 2875; x_wconf 81' lang='lat' dir='ltr'><strong>Avaritia</strong></span> <span class='ocrx_word' id='word_1_128' title='bbox 691 2812 805 2876; x_wconf 91' lang='lat' dir='ltr'><strong>multos</strong></span> <span class='ocrx_word' id='word_1_129' title='bbox 837 2811 1049 2897; x_wconf 77' lang='lat' dir='ltr'><strong>pessumdedit</strong></span> <span class='ocrx_word' id='word_1_130' title='bbox 1079 2813 1242 2876; x_wconf 87' lang='lat' dir='ltr'><strong>mortales:</strong></span> <span class='ocrx_word' id='word_1_131' title='bbox 1267 2813 1352 2877; x_wconf 88' lang='lat' dir='ltr'><strong>huuc</strong></span> 
     </span>
     <span class='ocr_line' id='line_1_17' title="bbox 227 2936 1351 3020; baseline 0 -20"><span class='ocrx_word' id='word_1_132' title='bbox 227 2937 339 3000; x_wconf 87' lang='lat' dir='ltr'><strong>domus</strong></span> <span class='ocrx_word' id='word_1_133' title='bbox 361 2936 524 3020; x_wconf 83' lang='lat' dir='ltr'><strong>magnifica</strong></span> <span class='ocrx_word' id='word_1_134' title='bbox 543 2936 716 3001; x_wconf 86' lang='lat' dir='ltr'><strong>debitorem</strong></span> <span class='ocrx_word' id='word_1_135' title='bbox 737 2936 885 3015; x_wconf 88' lang='lat' dir='ltr'><strong>reddidit,</strong></span> <span class='ocrx_word' id='word_1_136' title='bbox 906 2937 996 3001; x_wconf 91' lang='lat' dir='ltr'><strong>illum</strong></span> <span class='ocrx_word' id='word_1_137' title='bbox 1009 2937 1160 3001; x_wconf 85' lang='lat' dir='ltr'><strong>olivetum</strong></span> <span class='ocrx_word' id='word_1_138' title='bbox 1171 2937 1351 3015; x_wconf 89' lang='lat' dir='ltr'><strong>finitimum,</strong></span> 
     </span>
     <span class='ocr_line' id='line_1_18' title="bbox 227 3060 1351 3147; baseline 0.002 -23"><span class='ocrx_word' id='word_1_139' title='bbox 227 3082 336 3125; x_wconf 86' lang='lat' dir='ltr'><strong>rursus</strong></span> <span class='ocrx_word' id='word_1_140' title='bbox 360 3060 458 3125; x_wconf 87' lang='lat' dir='ltr'><strong>alium</strong></span> <span class='ocrx_word' id='word_1_141' title='bbox 480 3062 555 3145; x_wconf 92' lang='lat' dir='ltr'><strong>equi</strong></span> <span class='ocrx_word' id='word_1_142' title='bbox 578 3061 699 3146; x_wconf 82' lang='lat' dir='ltr'><strong>iugales</strong></span> <span class='ocrx_word' id='word_1_143' title='bbox 721 3063 922 3147; x_wconf 85' lang='lat' dir='ltr'><strong>praecipitem</strong></span> <span class='ocrx_word' id='word_1_144' title='bbox 941 3061 1099 3127; x_wconf 90' lang='lat' dir='ltr'><strong>dederunt</strong></span> <span class='ocrx_word' id='word_1_145' title='bbox 1118 3063 1152 3127; x_wconf 91' lang='lat' dir='ltr'><strong>iu</strong></span> <span class='ocrx_word' id='word_1_146' title='bbox 1172 3063 1351 3147; x_wconf 81' lang='lat' dir='ltr'><strong>voraginem</strong></span> 
     </span>
     <span class='ocr_line' id='line_1_19' title="bbox 227 3185 1350 3271; baseline 0.003 -23"><span class='ocrx_word' id='word_1_147' title='bbox 227 3185 500 3264; x_wconf 78' lang='grc' dir='ltr'><strong><em>συμβολαίων,</em></strong></span> <span class='ocrx_word' id='word_1_148' title='bbox 534 3186 675 3251; x_wconf 87' lang='lat' dir='ltr'><strong>fenorum</strong></span> <span class='ocrx_word' id='word_1_149' title='bbox 711 3193 744 3250; x_wconf 86' lang='lat' dir='ltr'><strong>et</strong></span> <span class='ocrx_word' id='word_1_150' title='bbox 778 3187 955 3271; x_wconf 88' lang='lat' dir='ltr'><strong>pignorum.</strong></span> <span class='ocrx_word' id='word_1_151' title='bbox 988 3186 1091 3251; x_wconf 90' lang='lat' dir='ltr'><strong>Immo</strong></span> <span class='ocrx_word' id='word_1_152' title='bbox 1124 3187 1350 3265; x_wconf 80' lang='grc' dir='ltr'><strong><em>συμβόλων,</em></strong></span> 
     </span>
     <span class='ocr_line' id='line_1_20' title="bbox 226 3309 1349 3395; baseline 0.002 -21"><span class='ocrx_word' id='word_1_153' title='bbox 226 3316 454 3375; x_wconf 90' lang='lat' dir='ltr'><strong>contractuum.</strong></span> <span class='ocrx_word' id='word_1_154' title='bbox 479 3310 524 3373; x_wconf 89' lang='lat' dir='ltr'><strong>Ut</strong></span> <span class='ocrx_word' id='word_1_155' title='bbox 548 3311 672 3374; x_wconf 91' lang='lat' dir='ltr'><strong>monuit</strong></span> <span class='ocrx_word' id='word_1_156' title='bbox 695 3309 753 3374; x_wconf 86' lang='lat' dir='ltr'><strong>Vir</strong></span> <span class='ocrx_word' id='word_1_157' title='bbox 776 3309 900 3375; x_wconf 83' lang='lat' dir='ltr'><strong>Clarias.</strong></span> <span class='ocrx_word' id='word_1_158' title='bbox 925 3309 999 3374; x_wconf 86' lang='lat' dir='ltr'><strong>coh.</strong></span> <span class='ocrx_word' id='word_1_159' title='bbox 1025 3311 1106 3376; x_wconf 82' lang='lat' dir='ltr'><strong>Nou.</strong></span> <span class='ocrx_word' id='word_1_160' title='bbox 1126 3310 1213 3375; x_wconf 85' lang='lat' dir='ltr'><strong>Lect.</strong></span> <span class='ocrx_word' id='word_1_161' title='bbox 1234 3333 1265 3395; x_wconf 91' lang='lat' dir='ltr'><strong>p.</strong></span> <span class='ocrx_word' id='word_1_162' title='bbox 1287 3313 1349 3376; x_wconf 87' lang='grc'><strong>167</strong></span> 
     </span>
     <span class='ocr_line' id='line_1_21' title="bbox 229 3433 1352 3519; baseline 0 -21"><span class='ocrx_word' id='word_1_163' title='bbox 229 3442 261 3498; x_wconf 91' lang='lat' dir='ltr'><strong>et</strong></span> <span class='ocrx_word' id='word_1_164' title='bbox 298 3437 360 3498; x_wconf 88' lang='grc'><strong>168</strong></span> <span class='ocrx_word' id='word_1_165' title='bbox 393 3435 581 3513; x_wconf 82' lang='grc' dir='ltr'><strong><em>συμβολαῑος</em></strong></span> <span class='ocrx_word' id='word_1_166' title='bbox 609 3458 754 3519; x_wconf 85' lang='lat' dir='ltr'><strong>graecum</strong></span> <span class='ocrx_word' id='word_1_167' title='bbox 786 3458 849 3499; x_wconf 93' lang='lat' dir='ltr'><strong>uou</strong></span> <span class='ocrx_word' id='word_1_168' title='bbox 880 3443 936 3514; x_wconf 84' lang='lat' dir='ltr'><strong>est,</strong></span> <span class='ocrx_word' id='word_1_169' title='bbox 966 3435 1119 3514; x_wconf 81' lang='grc' dir='ltr'><strong><em>σύμβολον</em></strong></span> <span class='ocrx_word' id='word_1_170' title='bbox 1141 3443 1250 3501; x_wconf 85' lang='lat' dir='ltr'><strong>contra</strong></span> <span class='ocrx_word' id='word_1_171' title='bbox 1274 3433 1352 3498; x_wconf 87' lang='lat' dir='ltr'><strong>bene</strong></span> 
     </span>
     <span class='ocr_line' id='line_1_22' title="bbox 226 3559 1141 3646; baseline 0.002 -22"><span class='ocrx_word' id='word_1_172' title='bbox 226 3581 372 3644; x_wconf 88' lang='lat' dir='ltr'><strong>graecum</strong></span> <span class='ocrx_word' id='word_1_173' title='bbox 396 3559 585 3624; x_wconf 89' lang='lat' dir='ltr'><strong>vocabulum</strong></span> <span class='ocrx_word' id='word_1_174' title='bbox 608 3559 764 3644; x_wconf 84' lang='lat' dir='ltr'><strong>signifieat</strong></span> <span class='ocrx_word' id='word_1_175' title='bbox 787 3568 926 3646; x_wconf 89' lang='lat' dir='ltr'><strong>pactum,</strong></span> <span class='ocrx_word' id='word_1_176' title='bbox 950 3569 1141 3626; x_wconf 87' lang='lat' dir='ltr'><strong>contractus.</strong></span> 
     </span>
    </p>
   </div>
   <div class='ocr_carea' id='block_1_10' title="bbox 226 3801 1350 4143">
    <p class='ocr_par' dir='ltr' id='par_1_10' title="bbox 226 3801 1350 4143">
     <span class='ocr_line' id='line_1_23' title="bbox 271 3801 1350 3890; baseline 0.007 -23"><span class='ocrx_word' id='word_1_177' title='bbox 271 3827 301 3890; x_wconf 95' lang='lat' dir='ltr'><strong>p.</strong></span> <span class='ocrx_word' id='word_1_178' title='bbox 328 3808 401 3870; x_wconf 78' lang='lat'><strong>524.</strong></span> <span class='ocrx_word' id='word_1_179' title='bbox 425 3805 462 3869; x_wconf 91' lang='lat' dir='ltr'><strong>B.</strong></span> <span class='ocrx_word' id='word_1_180' title='bbox 485 3807 510 3870; x_wconf 80' lang='grc' dir='ltr'><strong>εἰ</strong></span> <span class='ocrx_word' id='word_1_181' title='bbox 532 3806 564 3871; x_wconf 77' lang='grc' dir='ltr'><strong>δέ</strong></span> <span class='ocrx_word' id='word_1_182' title='bbox 586 3831 631 3879; x_wconf 84' lang='grc' dir='ltr'><strong>τις</strong></span> <span class='ocrx_word' id='word_1_183' title='bbox 654 3805 732 3886; x_wconf 80' lang='grc' dir='ltr'><strong><em>ἔχων</em></strong></span> <span class='ocrx_word' id='word_1_184' title='bbox 751 3806 839 3871; x_wconf 78' lang='grc' dir='ltr'><strong><em>πέντε</em></strong></span> <span class='ocrx_word' id='word_1_185' title='bbox 855 3808 967 3881; x_wconf 73' lang='grc' dir='ltr'><strong><em>κλίνας,</em></strong></span> <span class='ocrx_word' id='word_1_186' title='bbox 988 3808 1061 3873; x_wconf 76' lang='grc' dir='ltr'><strong><em>δέκα</em></strong></span> <span class='ocrx_word' id='word_1_187' title='bbox 1078 3808 1166 3889; x_wconf 71' lang='grc' dir='ltr'><strong><em>ζητεῖ</em></strong></span> <span class='ocrx_word' id='word_1_188' title='bbox 1180 3801 1350 3884; x_wconf 65' lang='lat' dir='ltr'><strong>xxixam·</strong></span> 
     </span>
     <span class='ocr_line' id='line_1_24' title="bbox 226 3929 1349 4011; baseline 0.003 -17"><span class='ocrx_word' id='word_1_189' title='bbox 226 3929 312 4008; x_wconf 77' lang='grc' dir='ltr'><strong><em>μένος</em></strong></span> <span class='ocrx_word' id='word_1_190' title='bbox 335 3929 408 3994; x_wconf 78' lang='grc' dir='ltr'><strong><em>δέκα</em></strong></span> <span class='ocrx_word' id='word_1_191' title='bbox 430 3929 590 4010; x_wconf 81' lang='grc' dir='ltr'><strong><em>τραπέζας.</em></strong></span> <span class='ocrx_word' id='word_1_192' title='bbox 615 3929 714 4011; x_wconf 78' lang='grc' dir='ltr'><strong><em>ἑτέρας</em></strong></span> <span class='ocrx_word' id='word_1_193' title='bbox 737 3940 966 3997; x_wconf 81' lang='grc' dir='ltr'><strong><em>συνωνεῖται</em></strong></span> <span class='ocrx_word' id='word_1_194' title='bbox 991 3932 1139 4005; x_wconf 82' lang='grc' dir='ltr'><strong><em>τοσαύτας</em></strong></span> <span class='ocrx_word' id='word_1_195' title='bbox 1161 3941 1236 3998; x_wconf 86' lang='lat' dir='ltr'><strong>cett.</strong></span> <span class='ocrx_word' id='word_1_196' title='bbox 1259 3958 1349 3997; x_wconf 89' lang='grc' dir='ltr'><strong><em>συνω-</em></strong></span> 
     </span>
     <span class='ocr_line' id='line_1_25' title="bbox 226 4053 1349 4143; baseline 0.005 -27"><span class='ocrx_word' id='word_1_197' title='bbox 226 4054 334 4117; x_wconf 75' lang='grc' dir='ltr'><strong><em>νεῖσθαι</em></strong></span> <span class='ocrx_word' id='word_1_198' title='bbox 357 4053 461 4119; x_wconf 87' lang='lat' dir='ltr'><strong>locum</strong></span> <span class='ocrx_word' id='word_1_199' title='bbox 482 4054 532 4118; x_wconf 93' lang='lat' dir='ltr'><strong>hic</strong></span> <span class='ocrx_word' id='word_1_200' title='bbox 554 4076 616 4118; x_wconf 93' lang='lat' dir='ltr'><strong>nou</strong></span> <span class='ocrx_word' id='word_1_201' title='bbox 641 4054 752 4119; x_wconf 86' lang='lat' dir='ltr'><strong>habet:</strong></span> <span class='ocrx_word' id='word_1_202' title='bbox 777 4056 949 4143; x_wconf 90' lang='lat' dir='ltr'><strong>insuper</strong></span> <span class='ocrx_word' id='word_1_203' title='bbox 973 4081 1103 4122; x_wconf 86' lang='lat' dir='ltr'><strong>emere</strong></span> <span class='ocrx_word' id='word_1_204' title='bbox 1125 4065 1174 4122; x_wconf 85' lang='lat' dir='ltr'><strong>est</strong></span> <span class='ocrx_word' id='word_1_205' title='bbox 1195 4059 1349 4122; x_wconf 82' lang='grc' dir='ltr'><strong><em>ἕπωνεῑ-</em></strong></span> 
     </span>
    </p>
   </div>
   <div class='ocr_carea' id='block_1_11' title="bbox 226 4177 1350 4264">
    <p class='ocr_par' dir='ltr' id='par_1_11' title="bbox 226 4177 1350 4264">
     <span class='ocr_line' id='line_1_26' title="bbox 226 4177 1350 4264; baseline 0.004 -23"><span class='ocrx_word' id='word_1_206' title='bbox 226 4178 323 4242; x_wconf 81' lang='grc' dir='ltr'><strong><em>σύαι.</em></strong></span> <span class='ocrx_word' id='word_1_207' title='bbox 357 4177 536 4242; x_wconf 85' lang='lat' dir='ltr'><strong>Sexcenties</strong></span> <span class='ocrx_word' id='word_1_208' title='bbox 566 4179 812 4264; x_wconf 88' lang='lat' dir='ltr'><strong>praepositiones</strong></span> <span class='ocrx_word' id='word_1_209' title='bbox 841 4180 903 4255; x_wconf 89' lang='grc' dir='ltr'><strong><em>σύν,</em></strong></span> <span class='ocrx_word' id='word_1_210' title='bbox 927 4183 957 4246; x_wconf 88' lang='grc' dir='ltr'><strong>ἕν</strong></span> <span class='ocrx_word' id='word_1_211' title='bbox 980 4188 1013 4245; x_wconf 85' lang='lat' dir='ltr'><strong>et</strong></span> <span class='ocrx_word' id='word_1_212' title='bbox 1035 4182 1085 4246; x_wconf 80' lang='grc' dir='ltr'><strong>ἐπί</strong></span> <span class='ocrx_word' id='word_1_213' title='bbox 1106 4188 1350 4247; x_wconf 86' lang='lat' dir='ltr'><strong>commutantur.</strong></span> 
     </span>
    </p>
   </div>
   <div class='ocr_carea' id='block_1_12' title="bbox 0 0 1698 5050">
    <p class='ocr_par' dir='ltr' id='par_1_12' title="bbox 0 0 1698 5050">
     <span class='ocr_line' id='line_1_27' title="bbox 0 0 1698 5050; baseline 0 0"><span class='ocrx_word' id='word_1_214' title='bbox 0 0 1698 5050; x_wconf 95' lang='lat' dir='ltr'><strong> </strong></span> 
     </span>
    </p>
   </div>
  </div>
 </body>
</html>
