3388 5050
797 495 835 555 ll

301 705 443 785 Quarum
467 703 637 768 lectionum
661 702 827 766 secundam
851 701 1047 786 praeferrem,
1075 699 1199 762 etiamsi
1224 720 1285 762 non
1310 720 1381 761 cou-

257 837 353 894 staret
376 853 414 892 ex
438 833 506 914 ipso
529 828 689 913 Euripide.

302 1137 332 1198 p.
371 1116 444 1176 526.
480 1112 521 1177 D.
552 1113 576 1176 oi
606 1115 662 1175 τῶν
693 1109 877 1192 Φιλαργιέροιν
908 1111 1020 1182 παῖδες
1050 1111 1304 1186 ἀναπίμπλανται
1326 1115 1381 1181 τῆς

257 1237 470 1320 φιλοπλουτίας
492 1237 556 1300 ἀπ’
581 1237 676 1299 αὐτῶν
698 1239 755 1298 πῶν
779 1233 928 1315 παπέριονῑ
954 1233 1008 1296 ubi
1030 1241 1113 1296 recte
1133 1232 1227 1297 verbo
1247 1235 1380 1310 οἱναπιμ-
1472 1279 1475 1282 -

258 1361 371 1428 πλοέναι
404 1362 505 1425 utitur
537 1359 591 1424 sed
618 1381 759 1444 perverse
782 1360 906 1444 scripsit
927 1359 987 1422 chri
1010 1362 1066 1422 τῶν
1089 1356 1237 1438 παπέροινε
1262 1379 1381 1442 semper

258 1497 290 1553 et
313 1487 432 1572 ubique
455 1488 537 1551 enim
561 1487 645 1571 apud
666 1484 794 1548 verbum
815 1485 973 1569 passivum
993 1483 1113 1546 solutae
1126 1483 1274 1546 orationis
1288 1483 1382 1566 scrip

259 1619 342 1676 tores
366 1617 502 1676 utuntur
526 1611 613 1683 ὑπὸ,
638 1619 748 1694 poetae
771 1607 839 1690 πρός
863 1615 895 1672 et
917 1612 949 1673 ἐκ
972 1607 1026 1672 sed
1050 1630 1211 1692 nunquam
1235 1607 1305 1672 οἰπέ.

307 1919 337 1981 p.
364 1896 436 1958 527.
461 1895 498 1959 1⁴¹.
521 1894 680 1976 Σωκοοέτνς
703 1895 730 1976 δ’
753 1894 790 1959 ιἰν
813 1891 891 1959 εἶπεν
914 1894 930 1969 ἢ
955 1893 1006 1959 καὶ
1031 1892 1182 1971 Διογένιις·

565 2016 677 2083 ’Ὄσσα
700 2019 740 2084 rol
764 2021 795 2097 γ’
820 2018 910 2084 ἄθλια
932 2019 1032 2083 πολλοὶ

261 2154 328 2241 [καὶ
352 2155 493 2234 ἄχρηστα
516 2154 569 2219 καὶ
593 2155 737 2240 μάταια]

571 2291 665 2370 γέλως
688 2294 723 2370 μ’
747 2291 811 2372 ἔχει
834 2292 1001 2372 εἱςοοέωνπα.

305 2429 445 2494 Delenda
478 2437 554 2494 sunt
587 2452 668 2515 quae
699 2431 822 2494 uncinis
852 2429 983 2494 inclusi:
1016 2429 1148 2493 turbant
1179 2429 1254 2492 haec
1287 2427 1380 2492 verba

260 2556 458 2633 sententiam,
499 2557 632 2620 demunt
671 2578 792 2620 omnem
827 2556 889 2619 vim
924 2562 956 2618 et
990 2555 1143 2640 leporem:
1180 2554 1228 2617 his
1263 2554 1383 2618 omissis

259 2705 366 2746 revera
396 2683 471 2746 satis
499 2681 603 2766 lepide
636 2689 668 2745 et
691 2689 820 2745 venuste
844 2688 952 2745 auctor
976 2687 1080 2744 noster
1103 2679 1249 2743 adhibuit
1273 2702 1381 2743 versus

261 2807 460 2872 Homericos:
492 2806 728 2890 coniungendae
759 2814 834 2870 sunt
866 2807 965 2890 igitur
988 2806 1068 2870 duae
1092 2811 1195 2891 partes
1219 2806 1264 2868 ita
1288 2805 1379 2869 utin

262 2954 359 2996 uuum
383 2954 506 2996 uersum
531 2931 722 2996 coalescant:

350 3066 455 3132 Ὀοοα
479 3068 519 3134 rol
542 3069 573 3147 γ’
597 3068 687 3134 ἄθλια
710 3069 821 3133 πολλοὶ·
844 3069 939 3147 γέλως
964 3071 998 3147 μ’
1023 3067 1087 3149 ἔχει
1111 3070 1283 3149 εἷςορὸιονπα·

260 3205 402 3285 ἄχρηστοι
430 3205 483 3270 καὶ
515 3205 635 3284 μοέοαια
668 3207 825 3291 explicant
848 3205 936 3270 ι’έέλια
960 3207 1013 3270 sed
1036 3207 1112 3271 satis
1136 3212 1248 3270 uotum
1271 3214 1320 3270 est
1342 3207 1384 3270 rol

261 3329 350 3395 ἄθλια
381 3355 446 3396 esse
477 3353 526 3395 res
556 3333 691 3408 miseras,
717 3354 764 3395 res
787 3333 874 3416 parvi
898 3333 1057 3396 momenti.
1082 3333 1195 3417 Itaque
1218 3333 1384 3418 explicatio

262 3457 379 3521 insulsa
401 3463 467 3520 tarn
489 3456 624 3521 debilem
647 3456 751 3520 reddit
774 3457 961 3521 sententiam
982 3465 1019 3521 ut
1037 3457 1123 3522 haud
1141 3458 1268 3522 ferenda
1286 3457 1386 3521 videa·

262 3588 323 3661 tur,
349 3581 490 3665 quamvis
513 3583 554 3645 sit
577 3605 626 3648 res
648 3581 768 3646 lubrica
788 3583 872 3668 apud
893 3582 1097 3647 Plutarchum
1119 3585 1151 3648 τὸ
1171 3585 1302 3648 οὶθεπεῖνε
1323 3604 1385 3667 qua

262 3707 296 3770 iu
319 3729 352 3770 ro
377 3707 528 3770 assentior
552 3711 653 3770 amico
677 3729 745 3770 meo
769 3707 939 3772 Abreschio
962 3708 1099 3772 dicenti:
1123 3708 1238 3793 „apud
1262 3708 1386 3772 Plutar-

261 3830 354 3894 chum
379 3817 491 3915 utpote
513 3837 672 3894 auctorem
696 3831 793 3894 nimia
816 3831 878 3895 fere
899 3831 1062 3895 verborum
1086 3832 1174 3917 copia
1193 3831 1381 3895 laborantem

262 3953 353 4017 facile
387 3976 451 4018 nou
486 3962 534 4018 est
568 3955 744 4032 decernere,
776 3961 883 4019 utrum
914 3955 1099 4020 vocabulum
1130 3955 1267 4039 aliquod,
1299 3954 1383 4038 quod

262 4081 411 4143 orationis
435 4103 561 4144 cursum
584 4081 697 4144 morari
721 4079 810 4144 uobis
836 4079 987 4159 videatur,
1011 4079 1162 4144 emblema
1184 4082 1225 4144 sit
1249 4082 1384 4144 anuorr.”

264 4206 412 4272 Attamen
433 4205 516 4269 inter
536 4205 704 4288 legendum
729 4204 807 4267 mihi
831 4205 936 4269 videor
959 4206 1112 4270 iuvenisse
1131 4205 1285 4269 nonnulla
1303 4226 1384 4289 quae
