3388 5050
776 519 796 580 5

223 723 308 786 unde
327 723 492 797 κατοὲλυσις
508 732 542 788 et
560 725 730 790 πανδοκεῖα
746 732 779 789 et
796 726 964 804 καταγωγὴ
983 727 1220 792 deversoria
1232 728 1348 812 signifi·

222 855 305 925 cant,
330 870 411 932 qnae
433 847 517 934 apud
541 851 688 932 antiquos
709 851 840 935 pessime
863 851 1043 915 audiebant.
1067 851 1271 917 intransitive
1292 853 1349 938 igi-

220 981 275 1036 tur
307 974 441 1058 positum
474 981 520 1036 est
548 974 717 1048 καταλύειν,
745 997 843 1058 quum
876 975 934 1039 hoc
957 975 1025 1040 loco
1046 983 1195 1060 poscatur
1216 976 1344 1042 verbum

220 1098 419 1163 transitivum
454 1098 592 1162 eiusdem
623 1099 687 1164 fere
719 1099 953 1184 significationis
983 1107 1078 1184 atque
1109 1097 1233 1174 ἐξωθεῖν.
1259 1099 1345 1179 Quid

222 1220 333 1285 multis
355 1221 457 1285 verbis
476 1244 554 1308 opus
573 1222 642 1286 est?
660 1222 757 1286 Modo
775 1224 917 1308 legamus
934 1224 1151 1290 καταδύειν
1169 1226 1209 1298 εἰς
1221 1224 1344 1306 ἔδαφος,

221 1353 307 1410 recte
329 1370 361 1410 se
384 1348 540 1411 sententia
564 1346 707 1411 habebit:
730 1349 883 1432 optimum
908 1356 957 1413 est
979 1371 1030 1412 eas
1049 1349 1225 1413 affectiones
1244 1350 1347 1436 expel-

221 1470 296 1548 lere,
326 1471 392 1534 solo
418 1478 624 1556 prosternere,
656 1471 846 1556 perdomare,
870 1475 972 1538 uteie
995 1474 1227 1558 tranquillitate
1249 1476 1346 1539 animi

222 1603 360 1662 utamur.
383 1607 413 1661 A
435 1605 467 1661 et
492 1608 519 1662 Δ
544 1605 580 1661 ut
602 1598 789 1683 saepissime,
812 1599 857 1664 sic
875 1599 933 1664 boc
953 1621 1078 1684 qnoque
1097 1600 1166 1665 loco
1185 1601 1346 1666 intersese

221 1722 469 1787 confunduntur.

266 1969 322 2032 De
346 1968 615 2033 Curiositate.
637 1992 669 2054 p.
697 1972 770 2033 517.
794 1971 834 2033 A.
858 1965 937 2043 Οἷον,
961 1969 1052 2044 εἴτις
1071 1972 1203 2036 ἀκονίτου
1222 1972 1344 2049 γεύοιτο,

226 2099 479 2174 πολυπραγμονῶν
512 2095 566 2168 τὴν
600 2095 751 2168 ποιότητα,
780 2094 888 2176 φθάσει
918 2104 972 2169 τῆς
1002 2096 1160 2170 αἰσθήσεως
1183 2099 1345 2178 προανελὼν

220 2219 284 2282 τὸν
306 2218 663 2303 (προ)αισδο’μενον·
685 2217 774 2290 οὕτως
796 2221 821 2284 οἱ
837 2219 878 2284 τοὶ
896 2224 953 2284 τῶν
971 2219 1109 2300 μειζόνων
1126 2221 1209 2285 κακοὶ
1219 2221 1342 2301 ζητοῦν-

221 2367 280 2416 τες,
314 2343 558 2424 προαναλίσκουσι
592 2350 646 2416 τῆς
677 2344 809 2421 γνώσεως
838 2344 966 2415 ἑαυτούς.
990 2343 1066 2422 „Ut
1092 2345 1114 2407 ii
1138 2345 1195 2427 qni
1218 2345 1344 2409 virtutis

219 2468 336 2532 aconiti
366 2467 595 2550 cognoscendae
625 2490 729 2545 causa,
757 2468 935 2551 degustant,
960 2469 1139 2532 moriuntur
1160 2469 1343 2553 prinsquam
1398 2497 1408 2504 -

221 2593 370 2657 virtutem
399 2593 610 2675 cognoverint,
634 2593 679 2656 sic
702 2593 725 2656 ii
748 2594 803 2676 qni
826 2593 997 2656 infortunia
1021 2593 1215 2676 conquirunt
1233 2600 1342 2677 poten-

219 2719 346 2796 tiorum,
369 2719 551 2802 priusquam
576 2718 779 2802 cognoverint
799 2718 884 2802 qnod
908 2716 1111 2801 quaerebant,
1135 2725 1235 2782 semet
1256 2718 1341 2803 ipsos

220 2841 451 2928 pessumdant.''
482 2843 521 2907 Iu
554 2843 638 2907 bisce
668 2842 745 2906 mihi
769 2844 826 2907 diu
849 2843 979 2907 offendit
1001 2844 1050 2908 riv
1076 2843 1340 2929 (προ)αισοο’ριενον

218 2967 305 3052 quod
323 2967 367 3031 sic
387 2966 472 3052 apud
491 2966 676 3031 Diibnerum
697 2967 812 3031 editur.
827 2966 949 3030 Sufficit
967 2968 1186 3048 προανελὼν
1205 2967 1343 3032 ἑαυτόν

218 3100 251 3156 et
280 3091 387 3156 malim
419 3092 478 3155 hoc
508 3113 602 3176 quam
625 3092 706 3157 illud
729 3091 812 3176 quod
837 3092 1100 3177 wyttenbachius
1123 3093 1229 3157 dedit:
1253 3094 1342 3158 αὑτὸν

217 3217 439 3298 προαισθόμενον
466 3217 517 3280 vel
546 3218 579 3282 τὸ
610 3217 838 3297 προαισθόμενον.
864 3217 938 3282 Nou
962 3217 1054 3282 modo
1077 3217 1170 3282 verbo
1193 3218 1342 3299 προαισθο-

218 3365 304 3419 μενον
326 3341 403 3406 nihil
430 3364 509 3427 opus
528 3349 586 3422 est,
605 3365 712 3406 verum
732 3343 827 3407 etiam
847 3344 994 3407 vitiosum
1015 3350 1072 3421 ost,
1085 3343 1245 3428 praecedit
1258 3345 1341 3408 enirn

217 3467 332 3532 diserte
350 3467 462 3546 γεύοιτο
480 3469 501 3532 i.
515 3490 541 3532 e.
557 3469 623 3553 ipse
642 3467 799 3551 degustat,
811 3491 875 3532 uon
887 3467 965 3546 γεύοι
977 3468 1032 3532 alii
1044 3469 1242 3552 gustandum
1256 3491 1343 3554 prae·

217 3590 285 3656 bet:
308 3592 407 3676 igitur
429 3595 458 3656 is
480 3593 537 3676 qui
559 3592 739 3677 degustavit
761 3595 920 3657 aconitum
944 3616 1007 3658 non
1028 3594 1125 3658 alium
1152 3595 1266 3659 occidit
1287 3595 1342 3661 scd

217 3724 316 3782 semet
350 3718 464 3803 ipsum.
497 3717 579 3782 Satis
612 3719 719 3804 inepto
755 3726 788 3783 et
818 3718 935 3783 insulse
965 3726 1149 3803 sequeretur
1180 3719 1262 3783 illud
1293 3721 1342 3784 τὸν

217 3842 445 3922 προαισθόμενον.

260 4111 290 4173 p.
317 4092 393 4153 518.
414 4089 451 4153 Β.
476 4089 646 4155 Versamur
668 4090 701 4154 in
725 4092 955 4177 comparatione
974 4093 1113 4156 eiusdem
1138 4092 1201 4157 lero
1224 4092 1341 4157 formae

215 4219 310 4297 atquo
333 4215 365 4278 in
389 4237 459 4300 pag.
486 4219 560 4279 508.
583 4215 622 4280 D.
648 4217 742 4280 Amat
761 4215 956 4310 Plutarchus
974 4219 1146 4283 sententias
1160 4220 1341 4304 soasaxpri·
