3388 5050
853 435 894 496 54

311 641 425 726 Itaque
456 643 584 705 eaesis
608 641 798 707 hostibus
823 665 893 708 eum
918 644 1128 728 gratulatione
1148 645 1181 709 in
1205 646 1310 711 eadem
1334 669 1433 710 rever·

314 771 431 829 terunt.

352 889 535 973 Legendum
557 897 653 977 puto:
675 894 803 986 eaesis
826 892 998 959 hostiis.
1312 879 1319 911 '

836 1087 907 1152 XX.

352 1273 421 1338 Liv.
454 1277 506 1352 23,
537 1277 567 1337 4.
600 1275 752 1368 Accessit
773 1281 843 1338 tum
878 1276 960 1358 [post
994 1273 1186 1338 Cannensem
1219 1274 1351 1358 cladem]
1383 1280 1431 1351 ut,

311 1399 464 1483 cuiusque
493 1398 598 1482 aliqua
626 1397 812 1462 verecundia
846 1405 921 1476 erat,
954 1397 1129 1462 Romanum
1160 1420 1284 1483 quoque
1313 1420 1434 1482 sperne·

310 1530 383 1588 rent
404 1525 580 1610 imperium.
601 1523 741 1588 Delenda
763 1545 844 1606 quae
867 1523 992 1588 inclusi.
1068 1545 1070 1549 ’

830 1721 921 1784 ΧΧΙ.

353 1905 439 1970 Caes.
463 1887 540 1970 Bell.
566 1906 649 1970 Gall.
679 1909 708 1982 2,
738 1908 790 1972 17.
817 1905 995 1971 Adiuvabat
1019 1907 1112 1970 eiam
1134 1928 1238 1988 eorum
1260 1904 1435 1982 consilium,

308 2030 392 2114 quod
412 2030 521 2094 Nervii
548 2031 736 2115 antiquitus,
759 2053 830 2094 cum
844 2032 987 2114 equitatu
1002 2031 1081 2094 nihil
1094 2036 1228 2114 possent,
1241 2049 1303 2110 quo
1316 2025 1436 2091 facilius

309 2153 512 2216 finitimorum
543 2155 731 2237 equitatum,
769 2155 794 2218 si
825 2154 992 2240 praedandi
1017 2177 1108 2217 causa
1133 2153 1171 2216 ad
1197 2175 1248 2216 eos
1270 2153 1436 2229 venissent,

308 2276 505 2362 impedirent,
529 2280 644 2342 teneris
674 2278 837 2344 arboribus
856 2280 960 2344 ine-isis
981 2287 1075 2363 atque
1096 2279 1231 2364 [inflexis
1243 2277 1432 2362 crebrisque]
1469 2314 1481 2322 .,

305 2401 338 2464 in
372 2401 571 2466 latitudinem
608 2404 702 2467 ramis
739 2404 837 2467 enatis
869 2412 900 2468 et
924 2403 1010 2469 rubis
1033 2403 1432 2488 sentibusque'interiectis

307 2527 481 2606 effecerant,
506 2535 543 2591 ut
567 2529 665 2592 instar
688 2529 769 2592 muri
793 2529 850 2592 hae
874 2552 960 2615 sepes
982 2531 1214 2593 munimentum
1234 2525 1427 2613 praeberent.

351 2651 472 2715 iniuria
508 2653 579 2716 novi
615 2651 750 2716 editores
786 2653 910 2736 uncinis
944 2653 1115 2716 inclusere:
1150 2651 1325 2715 inflexis
1359 2672 1434 2714 ere·
1501 2642 1503 2646 ’

307 2773 485 2858 brisque.

729 3053 732 3060 Δ
805 2973 922 3036 mni.

352 3156 399 3220 De
421 3179 512 3219 naam
536 3180 593 3220 ven
620 3156 702 3220 Held
727 3179 784 3219 van
811 3154 1033 3240 Doggersbauk
1055 3162 1138 3219 meet
1158 3163 1223 3219 met
1241 3178 1324 3218 meer
1345 3155 1436 3218 recht

308 3304 364 3344 aen
388 3279 584 3365 Kinsbergen
609 3281 750 3345 danaen
775 3279 926 3344 Zoutman
952 3281 1075 3344 worden
1101 3302 1247 3364 gegeven.

806 3477 932 3541 XXIII.
1030 3571 1038 3590 N

354 3662 531 3747 Wagenaar
553 3663 679 3748 spreekt
702 3663 905 3742 onwearheid,
930 3685 1009 3726 wear
1029 3663 1081 3746 hij,
1102 3663 1157 3727 het
1178 3660 1432 3746 bedwingenvan

310 3789 504 3852 Amsterdam
530 3788 563 3851 in
591 3790 673 3850 1650
701 3785 927 3864 vermeldende‚
950 3794 1021 3871 negt
1043 3788 1097 3852 dat
1121 3787 1158 3850 de
1179 3784 1429 3868 dankbetuiging

311 3912 365 3977 der
400 3920 516 3978 meeste
551 3911 731 3998 provincien
761 3935 818 3975 aen
849 3911 975 3975 Wiliem
1008 3911 1044 3974 II
1073 3935 1139 3990 „ao
1169 3908 1371 3994 flaauwelijk'’
1395 3932 1433 3972 en

311 4037 393 4115 „het
416 4037 497 4101 werk
519 4037 594 4102 haer
618 4044 710 4121 tegen
735 4038 772 4100 de
796 4035 882 4100 burst
905 4034 994 4100 was.”
