3388 5050
859 516 900 576 14

363 743 392 805 p.
418 724 491 785 529.
518 721 555 785 A.
580 721 685 786 Redeo
705 743 740 786 eo
760 722 814 786 ubi
834 722 1044 787 substiteram.
1066 722 1106 786 Iu
1128 724 1280 789 versiculo
1293 725 1436 809 sequenti

317 844 386 909 lere
409 846 483 909 milri
508 846 638 910 offendit
661 847 789 910 vitium:

431 971 480 1034 Ἐν
504 968 535 1036 δὲ
558 971 590 1035 τὸ
614 971 764 1051 θαρραλέον
788 971 896 1036 τεκαὶ
919 973 1046 1051 ἐμμενὲς
1069 971 1148 1047 θππη
1174 975 1330 1054 θροῦσαν

436 1094 553 1176 (βαίνετ’
577 1092 767 1176 Ἀναξάρχου
790 1095 885 1161 κύνεον
909 1097 1003 1175 μένος.

319 1218 398 1295 ώππη
429 1221 563 1300 optarat:
590 1221 702 1301 θροῦσαο
727 1226 775 1284 est
797 1226 887 1285 vetus
909 1221 1007 1285 forma
1032 1223 1140 1286 tertiae
1164 1244 1311 1307 personae
1333 1222 1437 1307 singu-

319 1345 392 1410 laris
423 1345 530 1410 aoristi
561 1345 692 1431 optativi
724 1369 742 1407 a
767 1346 858 1410 verbo
881 1345 992 1427 σ’ροθενν,
1019 1354 1126 1432 postea
1148 1345 1291 1427 θροώσενεν.
1316 1346 1437 1428 Quodsi

318 1470 363 1534 ita
385 1477 441 1550 est,
464 1494 495 1534 αι
518 1470 551 1535 iu
575 1471 723 1556 optativo,
743 1472 826 1555 quod
844 1471 882 1538 ad
900 1479 1061 1536 accentum
1082 1472 1206 1551 attinet,
1219 1493 1274 1556 pro
1287 1471 1446 1557 producta,

320 1593 418 1658 vocali
440 1594 589 1659 habetur:
610 1595 708 1679 igitur
727 1617 867 1680 perverse
885 1596 1006 1680 positus
1029 1595 1243 1660 circumflexus
1266 1595 1436 1660 necessario

322 1718 492 1784 mutandus
515 1721 575 1783 erit
599 1720 630 1783 in
655 1728 800 1785 acutum:
825 1719 985 1801 θροθσαν.

364 1988 393 2050 p.
428 1967 501 2030 531.
533 1965 567 2029 O.
600 1965 638 2070 {0
670 1965 701 2030 δὲ
730 1966 827 2038 ἐθίσας
850 1965 927 2044 μθτε
950 1966 1133 2040 σκώπτοντος
1156 1967 1261 2048 ώφνώο
1284 1968 1435 2044 ἐπιγελᾶν,

320 2091 399 2170 μήτε
422 2090 558 2169 λέγοντος
580 2092 708 2155 ἐπαινεῖν
731 2091 811 2173 παρὰ
834 2091 887 2164 την
909 2092 1040 2170 γνώμην,
1060 2094 1112 2157 οὐκ
1130 2092 1208 2157 ἕθσεν
1226 2092 1317 2172 μέχρι
1336 2091 1437 2157 τοθτον

321 2217 465 2296 προελθεῖν
499 2217 557 2281 οὐδ’
593 2216 683 2280 εἰπεῖν
713 2216 802 2296 πρὸς
832 2217 881 2281 τὸν
907 2217 937 2280 ἕν
967 2215 1078 2290 ε’κεθνοις
1107 2217 1308 2291 ἀδυσώπητον·
1332 2215 1437 2296 θμοσον

321 2340 389 2420 ὑπὲρ
423 2341 495 2418 ἐμοῦ
527 2338 579 2404 καὶ
610 2340 651 2404 τώ
679 2341 772 2420 ψευδῆ
803 2340 993 2421 μαρτύρησον.
1026 2340 1059 2404 Is
1082 2341 1137 2425 qui
1160 2364 1191 2405 se
1214 2341 1378 2406 assuefecit
1403 2347 1438 2405 ut

318 2488 420 2550 neque
455 2465 590 2530 arrideat
625 2467 743 2530 homini
774 2465 876 2531 iocoso
906 2488 1008 2550 neque
1039 2466 1210 2552 applaudat
1239 2473 1349 2531 contra
1372 2467 1435 2552 opi·

319 2593 444 2658 nionem
465 2594 589 2674 oratori,
613 2594 640 2656 is
663 2615 725 2657 non
749 2593 888 2679 patietur
910 2616 974 2657 rem
1004 2615 1040 2657 eo
1064 2593 1176 2658 deduci
1196 2615 1252 2657 uec
1270 2591 1438 2657 sustinebit

319 2718 421 2782 dicere
449 2718 487 2781 ad
518 2740 589 2782 eum
620 2718 675 2802 qui
705 2718 739 2781 in
762 2717 818 2781 tali
844 2741 877 2782 re
901 2718 1019 2802 pudore
1043 2724 1163 2783 careat:
1187 2719 1285 2804 „jura
1308 2741 1364 2804 pro
1388 2740 1436 2782 me

864 2841 891 2906 θ’
914 2841 1001 2906 Haeo
1024 2842 1062 2907 ad
1086 2842 1241 2908 hominem
1267 2843 1435 2917 δοσώπητον

319 2849 350 2906 et
372 2842 485 2907 falsum
508 2841 616 2906 exhibe
640 2843 853 2907 testimonium

319 2967 381 3031 dici
410 2990 472 3032 non
502 2989 591 3052 posse
620 2967 782 3032 ostendere
807 2967 998 3031 conabimur.
1023 2967 1186 3031 Praecedit
1210 2973 1276 3031 tota
1300 2967 1437 3032 narratio

319 3092 466 3158 exhibens
496 3092 651 3176 quendam
681 3092 792 3156 vitioso
823 3092 943 3178 pudore
970 3092 1141 3157 adductum
1174 3116 1239 3158 esse
1262 3092 1300 3156 ad
1324 3093 1437 3157 falsum

319 3217 535 3282 iusiurandum
574 3216 721 3280 dandum.
758 3218 868 3301 Pergit
902 3223 1011 3281 auctor
1042 3223 1075 3280 et
1105 3222 1249 3281 autumat
1280 3240 1361 3298 eum,
1387 3218 1439 3282 oui

320 3366 407 3407 urens
436 3343 477 3407 sit
500 3343 574 3407 satis
597 3341 694 3406 libera
717 3348 749 3406 et
772 3350 928 3421 constans,
952 3364 1116 3427 passurum
1138 3364 1200 3407 non
1225 3365 1290 3407 esse
1313 3365 1378 3406 rem
1401 3365 1438 3407 eo

319 3467 432 3532 deduci
466 3488 567 3552 neque
601 3467 758 3531 hominem
794 3467 1009 3554 impudentem
1042 3467 1119 3530 talia
1149 3490 1187 3532 ex
1217 3489 1249 3532 se
1272 3489 1437 3552 quaerere:

320 3616 454 3677 namque
477 3593 563 3657 εἰπεῖν
586 3595 635 3658 τὸν
658 3593 827 3667 δοσώπητον
849 3592 965 3678 pendet
987 3592 1026 3656 ab
1049 3591 1144 3656 ε’ώσενε
1169 3592 1218 3656 sin
1239 3597 1343 3657 autem
1369 3593 1439 3656 reti·

319 3719 462 3785 nebimus
485 3719 744 3804 praepositionem
766 3719 843 3799 πρὸς,
864 3719 982 3782 orietur
1003 3717 1156 3782 sententia
1169 3717 1260 3802 plane
1273 3717 1437 3781 contraria.

320 3846 389 3910 Aut
410 3844 507 3928 igitur
529 3843 697 3908 delendum
720 3844 808 3924 πρθς
832 3850 888 3906 aut
911 3843 1110 3908 inserendum
1131 3849 1201 3928 post
1219 3843 1287 3924 πρὸς
1307 3842 1438 3907 vocabu-

318 3970 385 4034 lum
407 3968 518 4033 ἕαντθν.

366 4238 396 4304 p.
429 4219 502 4282 582.
532 4219 568 4282 E.
601 4217 786 4304 Explicatur
816 4240 969 4301 quaenam
999 4217 1170 4283 infortunia
1194 4240 1283 4305 saepe
1308 4218 1438 4284 vitiosus
