3388 5050
780 511 821 572 15

237 719 339 804 pudor
361 742 465 784 secum
489 719 611 783 trahat:
634 719 765 782 initium
786 717 862 782 fauit
882 717 916 781 iu
936 739 1021 780 eare
1041 739 1122 799 quae
1142 715 1240 780 eheu!
1254 723 1360 780 nostra

238 865 363 932 quoque
397 850 499 907 aetate
532 865 623 928 saepe
651 843 779 908 accidit:
811 841 886 905 audi
910 841 1002 905 modo
1026 842 1129 925 ipsum
1153 839 1359 904 Plutarchum

238 970 375 1034 suaviter
402 975 598 1033 narrantem:
622 967 674 1032 καί
698 967 756 1049 γάρ
781 968 928 1038 αίτοῦντος
951 965 1081 1047 ἀργύριον
1103 965 1202 1048 φίλον,
1225 966 1360 1040 δνσοιπν-

238 1093 333 1166 θέντες
354 1095 510 1167 ἀντειπεῖν,
535 1095 587 1158 οὐκ
610 1091 740 1172 ἔχοντες,
765 1093 971 1171 ἀσχημονοῦσι
994 1092 1061 1170 μετ’
1086 1091 1182 1169 ὀλίγον
1200 1088 1360 1170 ἐξελεγχθ-

239 1243 328 1299 μενοι·
354 1218 407 1284 καί
432 1221 476 1303 (et
499 1241 584 1284 uuna
608 1219 752 1302 sequitur
775 1217 860 1302 quod
884 1220 974 1302 peius
997 1223 1044 1281 est
1067 1238 1270 1300 summaeque
1293 1219 1390 1301 per-¹

236 1345 327 1408 fidiae
348 1345 574 1429 testimonium)
601 1345 752 1422 βοηθήσειν
773 1343 1011 1422 ὁμολογήσαντες
1034 1343 1113 1416 ἐνίοις
1132 1344 1213 1418 δίκην
1232 1341 1359 1423 ἔχουσιν,

237 1463 302 1533 εἶτα
324 1469 411 1542 τοὺς
431 1469 491 1533 ἑτέ
496 1493 583 1550 ρους
602 1469 810 1550 διατραπέντες
821 1467 1057 1550 ἀποκρύπτονται
1068 1467 1120 1532 καί
1131 1468 1359 1550 δοκπετεθουσιν.

238 1593 268 1657 Ii
292 1595 347 1677 qui
369 1595 480 1658 vitioso
504 1594 623 1679 pudore
645 1594 790 1658 laborant
811 1595 1022 1680 promiserunt
1033 1593 1187 1657 auxilium
1198 1593 1362 1684 nonnullis

238 1720 293 1802 qui
315 1719 432 1783 iudicio
452 1727 614 1804 urgentur,
634 1721 687 1785 sed
707 1742 806 1804 quum
826 1721 858 1784 in
876 1742 913 1784 eo
925 1719 967 1784 sit
979 1725 1017 1782 ut
1027 1719 1244 1784 testimonium
1255 1717 1362 1784 dicant

240 1843 340 1908 aliove
373 1843 465 1908 modo
494 1867 584 1930 opem
610 1845 722 1922 ferant,
745 1845 847 1909 territi
874 1845 1025 1908 occulunt
1048 1867 1080 1907 se
1103 1844 1171 1916 τοὺς
1194 1843 1303 1924 ἐπέοονς
1328 1851 1360 1908 et

240 1969 420 2053 aufugiunt.
445 1969 605 2050 Quasnam
628 1969 737 2050 ἑτέρους
756 1969 865 2046 latent,
883 1968 1019 2054 quaeso?
1035 1968 1151 2033 Nonne
1170 1969 1282 2034 melius
1301 1970 1361 2033 erit

240 2093 342 2178 legere
370 2095 461 2166 τοὺς
491 2095 696 2175 ἑταίρονςῖ
719 2094 836 2159 Latent
859 2119 910 2160 eos
933 2096 1047 2160 amicos
1069 2093 1185 2178 quibus
1208 2095 1359 2158 auxilium

240 2219 372 2304 polliciti
400 2227 485 2286 sunt.
517 2221 638 2284 Notum
668 2227 716 2285 est
737 2245 769 2286 αι
792 2226 825 2284 et
846 2246 861 2285 ε
882 2244 973 2306 saepe
996 2222 1155 2285 confundi.
1179 2221 1360 2286 Ridiculum

239 2345 273 2407 in
305 2343 432 2408 modum
460 2345 556 2410 πεδίον
588 2368 643 2430 pro
666 2345 778 2410 παιδίον
802 2346 917 2424 editur,
941 2344 1019 2410 ἔλεον
1042 2369 1097 2430 pro
1120 2344 1224 2410 ἔλαιον.
1251 2343 1361 2408 Obiter

240 2491 270 2554 p.
296 2472 359 2534 532
384 2469 423 2534 D.
447 2469 637 2551 φιλονεικίαις
660 2471 847 2535 mutandum
872 2471 932 2535 erit
954 2471 987 2535 iu
1011 2471 1191 2552 φιλονικίαις.

284 2740 315 2801 p.
342 2717 416 2780 536.
441 2718 480 2780 A.
505 2715 662 2800 Loquitur
684 2717 723 2782 de
746 2718 785 2780 iis
809 2717 863 2800 qui
887 2739 978 2780 aures
1003 2716 1170 2801 praebeant
1193 2716 1360 2781 adulatori-

240 2839 308 2920 bus,
339 2841 501 2912 πεισθέντες
529 2842 584 2906 ὑπὸ
615 2845 671 2905 τῶν
700 2841 890 2906 ἐπαινούντων
907 2843 944 2912 ὥς
956 2841 1059 2919 μθνονς
1071 2840 1179 2922 ἀνδρας
1191 2839 1243 2905 καί
1256 2841 1359 2919 μθνονς

239 2965 462 3039 ἀκολακεύτους,
494 2964 545 3029 καί
577 2965 609 3038 νὴ
641 2965 701 3029 Δία
722 2967 908 3044 στόματα
930 2964 995 3029 καί
1019 2965 1148 3047 φοινάς
1172 2987 1360 3045 ποοςοινο-

239 3087 432 3169 ρενθνπονν.
464 3087 551 3168 Quid
582 3089 640 3154 sibi
672 3089 747 3154 velit
777 3089 919 3167 στόματα
948 3090 1000 3154 καί
1022 3089 1125 3171 φωνάς
1148 3089 1361 3171 προςαγορεθειν

239 3213 386 3296 aliquem,
409 3214 529 3277 neseio:
554 3214 629 3279 hate
652 3213 744 3278 verba
764 3214 901 3279 sananda
923 3215 1066 3298 relinquo
1084 3215 1214 3279 feliciori
1232 3216 1360 3279 critico:

240 3361 297 3422 ego
319 3339 393 3402 satis
416 3338 514 3402 habeo
537 3340 652 3404 vulnus
674 3340 857 3404 ostendisse.

285 3607 316 3667 p.
342 3587 417 3649 536.
440 3585 478 3648 B.
511 3585 666 3666 ἱστοροῦσιν
688 3582 839 3660 Ἀλεξῖνον
861 3587 910 3652 τὸν
934 3586 1078 3668 σοφιστὴν
1101 3586 1201 3652 πολλοὶ
1223 3590 1363 3668 φαῦλα

240 3709 336 3788 λέγειν
366 3709 431 3784 περί
461 3710 630 3782 Στίλπωνος
652 3715 703 3775 τοῦ
726 3711 894 3792 Μεγαρέως.
920 3711 1039 3776 Dicunt
1064 3711 1236 3776 Alexinum
1261 3711 1362 3775 multa

241 3836 321 3899 male
350 3835 464 3901 dixisse
495 3837 630 3921 Stilponi
640 3865 650 3915 3
681 3836 734 3901 sed
768 3836 826 3901 hou
849 3860 911 3902 non
934 3844 981 3901 est
1002 3841 1111 3918 φαῦλα
1133 3836 1229 3914 λέγειν
1252 3859 1360 3900 verum

240 3964 399 4041 φλαῦρα
420 3960 534 4039 λέγειν;
564 3966 682 4042 φαῦλος
708 3968 754 4025 est
777 3961 915 4036 εῦτελνίςε
935 3967 1067 4043 φλαῦρος
1084 3962 1239 4045 siguificat
1258 3960 1358 4036 κακθς,

240 4086 366 4166 ποννρθς.
403 4087 436 4150 si
469 4088 542 4170 quis
576 4087 791 4151 testimouium
826 4087 990 4166 desiderat,
1022 4086 1167 4171 inspiciat
1198 4086 1361 4174 Aristoph.

239 4210 369 4296 Lysistr.
393 4234 437 4275 vs.
466 4214 509 4274 lt
532 4209 587 4276 ubi
611 4210 763 4296 legimus:
