3388 5050
766 545 805 606 19

220 754 309 837 quasi
344 752 519 816 advocatio:
556 753 634 815 heus
668 752 721 814 tu!
757 749 886 814 Etiamsi
921 748 980 811 hoc
1008 745 1219 824 concederem,
1249 747 1338 810 locus

219 885 324 942 tamen
358 879 467 942 fuisset
490 877 616 941 anteri
636 875 742 954 λέγεις,
766 897 829 939 non
852 875 886 938 in
909 874 1011 937 media
1033 874 1208 937 sententia:
1233 873 1340 958 potins

223 1003 321 1085 igitur
344 997 364 1064 ὦ
387 997 467 1073 οὗτος
490 1023 635 1064 carerem.
661 1000 746 1064 Haec
766 999 830 1062 fere
851 999 924 1062 olim
945 997 1092 1083 putabam
1115 997 1167 1062 sed
1180 1005 1350 1094 postquam·

222 1125 456 1210 Wyttenbachii
486 1125 657 1188 editionem
687 1124 793 1208 paullo
824 1123 1001 1187 accuratius
1032 1123 1161 1206 inspexi,
1193 1121 1344 1184 ambabus

221 1248 365 1314 manibus
398 1249 518 1332 arripui
546 1249 612 1312 eius
632 1256 841 1333 praestantem
866 1246 1113 1310 emendationem
1139 1243 1159 1308 ὦ
1183 1246 1343 1317 Θούδιππε,

144 1383 146 1390 ’
221 1397 335 1438 nomen
369 1374 454 1457 quod
488 1373 600 1437 sumsit
634 1396 672 1436 ex
703 1372 842 1456 Apopht.
874 1394 905 1456 p.
939 1375 1012 1436 189.
1043 1374 1083 1435 A.
1107 1371 1227 1436 Iterum
1252 1372 1346 1435 miror

222 1497 406 1562 Diibnerum
437 1505 502 1560 tarn
533 1496 728 1581 negligenter
750 1496 809 1560 hoc
831 1496 979 1560 omisisse.
1005 1495 1100 1579 Apud
1123 1494 1237 1560 scribas
1260 1496 1345 1559 haud

222 1623 296 1686 satis
328 1622 466 1684 animum
498 1620 694 1684 advertentes
723 1621 828 1684 omnia
858 1620 925 1683 fieri
956 1626 1102 1704 possunt:
1129 1621 1172 1683 sio
1195 1619 1347 1684 Θούδιππε

222 1755 440 1824 ΘΟΤΔΙΠΠΕ
466 1743 551 1808 abire
575 1745 680 1829 potuit
699 1745 731 1807 in
754 1749 917 1809 OTTOG:
940 1751 1105 1828 postquam
1125 1765 1236 1807 nomen
1251 1743 1345 1806 semel

221 1878 399 1949 evanuerat,
431 1868 559 1949 scribae,
593 1876 630 1932 ut
662 1869 771 1933 saltem
803 1867 930 1932 verbum
960 1869 1038 1933 bene
1062 1890 1206 1952 graecum
1232 1869 1344 1933 substi-

221 2001 358 2074 tuerent,
382 1994 539 2058 dedernnt
563 1995 710 2058 miserum
735 1992 919 2058 vocabulum
944 1989 1024 2066 οὗτος
1048 2002 1081 2057 et
1104 1993 1272 2058 Diibnerus
1298 1995 1344 2056 in-

221 2119 367 2204 telligens
396 2114 417 2183 ὦ
447 2114 528 2191 οὗτος
550 2119 630 2182 nihil
653 2141 728 2196 esse,
753 2119 875 2182 uncinis
896 2119 1028 2182 inclusit
1051 2114 1089 2184 oi:
1113 2142 1183 2184 ecce
1209 2120 1347 2204 magnifi-

222 2266 289 2307 cam
312 2243 495 2308 lectionem!

266 2514 297 2576 p.
324 2493 397 2556 543.
421 2491 460 2556 A.
482 2494 609 2555 Μᾶλλον
627 2489 685 2570 γὰρ
706 2491 848 2570 εὐτυχίας
868 2490 885 2565 ἢ
905 2492 1009 2572 ἀρετῆς
1021 2493 1166 2565 ἡττᾶσθαι
1177 2491 1346 2570 βούλονται·

221 2616 254 2679 τὸ
277 2613 332 2692 μὲν
354 2617 504 2695 ἀλλότριον
527 2617 638 2693 ἀγαθὸν
658 2615 820 2694 ἡγούμενοι,
841 2618 874 2680 πὸ
893 2617 919 2680 δ’
941 2617 1039 2681 οἰκεῖον
1050 2615 1176 2696 ἔλλειμα
1187 2616 1239 2681 καὶ
1260 2640 1312 2680 πει
1319 2619 1344 2698 ρ’

223 2739 364 2811 αὑτοὺς
393 2739 565 2816 periurior:
598 2740 682 2822 quod
713 2748 777 2802 est:
802 2740 923 2803 malunt
946 2741 1087 2805 homines
1112 2743 1256 2805 fortunae
1279 2765 1346 2807 suo·

223 2863 368 2926 cumbere
397 2884 491 2946 quam
522 2862 580 2926 sibi
612 2862 716 2926 deesse
746 2863 830 2946 quod
861 2866 901 2927 ad
929 2865 1076 2928 virtutem
1100 2867 1216 2928 attinet
1239 2869 1343 2950 (quam

223 2987 340 3051 virtute
363 2992 495 3071 carere):
515 2987 602 3050 illam
625 2988 706 3051 enim
727 2995 843 3072 putant
859 2988 975 3053 bonnm
995 2988 1142 3068 alienum,
1164 2991 1260 3055 huius
1273 3013 1343 3055 vero

197 3095 199 3099 ⁵
222 3109 340 3175 cladem
372 3112 449 3175 vitio
479 3103 604 3196 proprio
627 3112 826 3177 tribuendam
850 3137 915 3178 esse
938 3122 970 3178 et
993 3117 1026 3179 in
1050 3137 1107 3180 sua
1130 3116 1269 3200 ipsorum
1293 3138 1345 3201 po-

215 3243 335 3303 testate
357 3237 469 3301 luisse:
492 3259 511 3300 a
534 3261 566 3300 se
590 3238 671 3300 enim
698 3238 880 3322 pependisse
902 3246 1009 3304 utrum
1028 3241 1151 3304 fortiter
1172 3240 1344 3325 pugnando

222 3359 341 3424 cladem
361 3369 538 3426 averterent
557 3385 671 3426 annon.
693 3361 883 3448 Praepositio
903 3364 982 3429 hanc
993 3367 1152 3430 notionem
1165 3367 1342 3452 exprimens

223 3492 270 3550 ast
299 3485 349 3550 ἐπὶ
380 3493 437 3550 aut
466 3487 550 3568 παρὰ
573 3510 642 3551 cnm
669 3487 789 3552 dativo:
812 3489 911 3552 latine
936 3512 1077 3574 penes,
1101 3490 1216 3576 apud.
1241 3491 1344 3572 Quam

223 3609 262 3674 ob
293 3633 359 3676 rem
390 3611 448 3674 hoc
480 3634 606 3696 quoqne
633 3612 701 3676 loco
726 3613 828 3696 legere
852 3613 957 3678 malim
981 3615 1063 3695 παρ’
1087 3615 1244 3688 adcola:
1268 3617 1342 3696 περὶ,

223 3735 305 3816 παρὰ
335 3743 367 3799 ct
397 3736 479 3800 κατὰ
510 3760 599 3822 saepe
626 3738 873 3804 confunduntur.
897 3739 987 3802 Idem
1011 3741 1123 3803 vitium
1146 3743 1343 3806 commissum

222 3861 311 3924 video
346 3884 375 3946 p.
411 3866 485 3926 688.
520 3864 557 3926 Α.
592 3864 646 3927 ubi
676 3864 808 3948 legitur:
841 3862 896 3928 ὅσοι
929 3865 972 3943 μὴ
1002 3867 1086 3946 παρ’
1120 3867 1225 3943 ἡμᾶς
1256 3869 1344 3941 ἐστιν,

221 3985 373 4064 εὐχόμεθα
394 3987 443 4050 τὸν
467 3987 524 4051 θεὸν
548 3987 663 4060 bubdam,
687 3986 740 4051 nbi
762 3989 828 4051 sine
848 3986 945 4052 dubio
965 3989 1058 4066 ἡμῖν
1079 3991 1262 4054 mutandum
1287 3997 1343 4053 est.

267 4266 296 4328 p.
323 4248 397 4308 bil.
421 4245 458 4310 Ε.
482 4247 522 4310 In
545 4247 680 4311 carmine
700 4247 854 4332 Spartano
869 4245 1020 4326 ,,”Αμμες
1040 4250 1120 4312 ποτ’
1133 4244 1208 4327 ἦμες
1219 4249 1343 4328 ἄλκιμοι
