3388 5050
775 474 815 535 25

233 680 297 744 άινά
319 681 414 762 ἧρῇς
438 681 509 746 Sine
532 680 629 746 dubio
650 683 737 747 locus
755 705 818 747 non
838 689 886 748 est
904 684 1102 749 coniunctivo
1121 685 1175 749 aad
1186 685 1354 752 indicativo

234 807 267 870 in
290 806 348 870 tali
370 793 550 891 rogatione:
573 809 672 892 igitur
695 809 881 893 legendum:
904 809 989 887 ipah

275 1074 309 1136 p.
335 1052 409 1115 559.
433 1051 473 1114 D.
497 1052 535 1116 Ei
553 1052 580 1116 δ’
605 1049 667 1117 ἔστι
689 1076 725 1116 πι
748 1053 831 1126 πόλις
854 1051 883 1116 ἓν
907 1055 1038 1132 πράρμοι
1060 1053 1112 1118 xci
1135 1055 1269 1135 συνεχὲς,
1291 1054 1353 1120 ἔστι

233 1175 326 1250 δήπου
348 1175 401 1240 acl
424 1175 507 1254 γένος
530 1173 721 1256 ἐξηρτημένον
743 1177 840 1256 taxus
864 1180 946 1255 μιάς.
973 1177 1096 1258 Quodsi
1119 1177 1194 1242 urbs
1217 1201 1280 1243 una
1302 1202 1352 1245 res

231 1308 334 1366 estet
357 1302 516 1381 continua,
541 1324 607 1386 sqq.
630 1326 660 1366 σι
687 1302 724 1365 ad
749 1307 879 1383 πράγμκ
901 1302 1009 1366 referri
1032 1325 1096 1366 nou
1119 1309 1240 1389 potest:
1264 1303 1351 1387 quod

232 1427 259 1492 si
279 1428 326 1493 ita
350 1434 440 1507 esset,
466 1427 635 1492 Plutarcho
659 1427 858 1492 scribendum
881 1427 992 1491 fuisset
1014 1426 1044 1491 ἕν
1067 1452 1095 1491 πι
1118 1434 1259 1508 πράγμοι.
1282 1428 1373 1526 Hoc*

231 1554 299 1616 loco
329 1574 392 1615 non
423 1553 522 1636 magia
551 1553 724 1636 significare
754 1558 857 1636 potest
887 1552 1083 1631 „fortasse”:
1108 1553 1246 1617 ostendit
1268 1554 1352 1618 enim

234 1677 267 1741 iu
289 1676 548 1763 praecedentibus
569 1676 679 1741 urbem
704 1699 798 1741 unam
822 1683 855 1742 et
879 1677 1060 1740 continuam
1084 1699 1169 1741 csse:
1192 1677 1347 1763 repetitur

230 1802 418 1887 praecedens
452 1803 551 1866 oratio
582 1801 666 1866 hisce
696 1800 799 1866 verbis
829 1802 853 1866 εἰ
883 1801 910 1867 δ’
942 1799 1004 1865 ἔστι
1034 1825 1063 1865 σι
1085 1801 1169 1876 πόλις
1192 1809 1266 1868 cett.
1290 1803 1351 1868 Sed

229 1948 333 1991 nonne
357 1925 442 1990 vides
465 1951 493 1990 τι
515 1925 666 1990 emblema
688 1949 754 1991 esse
777 1933 888 1990 natum
910 1948 949 1990 ex
971 1927 1174 2012 praecedente
1197 1926 1307 1995 ἔσπιῗ

273 2244 304 2306 p.
330 2227 404 2288 559.
428 2223 464 2290 Il.
488 2224 602 2301 γελοῖός
625 2224 703 2288 ε’σπιν
724 2224 738 2287 ὅ
761 2227 887 2305 φάσκων
908 2221 1006 2288 ἄδικον
1025 2217 1105 2297 εἶνοιι,
1128 2228 1184 2288 τῶν
1208 2223 1293 2302 βοῶν,
1313 2224 1350 2289 άν

229 2347 285 2420 εἷς
316 2346 372 2419 τάς
402 2347 507 2426 χηλάς
537 2353 715 2426 μαλακιῶσι,
746 2348 947 2429 προςιιλείφειν
975 2348 1016 2413 πά
1038 2347 1115 2429 άκροο
1137 2354 1194 2414 πῶν
1214 2349 1348 2430 κεράτων.

229 2469 304 2534 Non
328 2470 408 2535 bene
429 2493 538 2554 graece
561 2472 679 2536 dicitur
702 2473 741 2544 εἷς
765 2472 821 2544 σάς
843 2472 947 2551 χηλάς
971 2475 1142 2550 ριοολοικιάντ
1166 2479 1250 2537 recte
1273 2473 1348 2538 dici-

227 2601 281 2657 tur
316 2601 407 2658 νοσεῖν
441 2595 494 2667 τὴν
524 2593 670 2676 κεφάλήν,
700 2595 807 2672 άλρεῑν
836 2595 893 2666 σάς
923 2594 1051 2677 πλευράς
1082 2601 1117 2658 ut
1141 2595 1220 2660 bene
1241 2597 1349 2682 paullo

228 2738 321 2800 supra
340 2717 457 2801 legitur
476 2722 532 2782 τῶν
552 2718 647 2796 ἰσχίον
665 2717 840 2782 ποοούνσωνε
859 2717 1203 2802 igitureicdeleudum
1213 2719 1348 2786 videtur.

270 3035 302 3098 p.
335 3015 408 3079 569.
440 3015 479 3078 A.
510 3016 527 3087 ἡ
558 3014 719 3109 εἷμοιρριένκ
744 3013 845 3080 πάνπκ
868 3014 1143 3097 περιβαλοῦσα
1165 3015 1274 3096 κύκλῳ,
1297 3016 1350 3080 οὐκ

225 3133 340 3216 άπειρος
362 3137 446 3199 άλλά
468 3137 676 3216 πεπεροοσριένορ
698 3138 784 3202 ἐστίν.
807 3138 965 3219 Quoniam
984 3138 1094 3216 fatum,
1113 3139 1229 3222 inquit,
1243 3141 1348 3204 omnia

225 3282 283 3324 suo
313 3259 386 3325 orbe
417 3260 626 3347 amplectitur,
657 3283 722 3326 non
752 3263 914 3364 infinitum·
942 3271 1000 3340 est,
1031 3264 1085 3328 sed
1116 3265 1209 3328 certis
1231 3264 1349 3330 finibus

225 3383 507 3469 circumscriptum.
531 3387 603 3450 Non
626 3386 812 3472 circumjicit
830 3387 932 3451 fatum
951 3388 1096 3453 omuibus
1116 3389 1223 3454 orbem
1242 3410 1347 3470 sunm,

225 3507 279 3572 sed
301 3531 338 3572 ea
359 3509 464 3573 omnia
487 3509 705 3594 amplectitur:
730 3511 755 3588 β
776 3518 809 3575 et
831 3527 851 3575 λ
869 3514 1067 3597 transpositis
1086 3487 1171 3578 recte
1190 3514 1346 3578 sententia

225 3632 337 3698 stabit:
368 3635 643 3714 περιλαβοῦσα
671 3634 773 3700 πάντα
805 3635 902 3717 κύκλῳ
932 3638 971 3703 cl.
1003 3637 1120 3703 Herod.
1152 3641 1182 3718 8,
1217 3641 1268 3717 16,
1290 3638 1348 3703 ubi

224 3757 375 3841 legimus:
408 3759 432 3822 oi
462 3758 606 3840 βάρβοιροι
634 3761 781 3837 μηνοειδὲς
803 3761 976 3836 ποιήσοντες
999 3767 1056 3826 πῶν
1080 3767 1146 3826 νεῶν
1169 3762 1346 3836 ε’κυκλέονπο,

224 3883 261 3954 ὡς
294 3881 476 3962 περιλάβοιεν
506 3883 620 3953 αὐτούς.
652 3884 693 3948 In
722 3885 816 3948 lunae
839 3887 972 3970 speciem
996 3885 1230 3951 constituebant
1252 3909 1347 3951 naves

225 4012 263 4068 nt
286 4004 391 4069 hostes
414 4028 451 4070 eo
473 4005 547 4071 orbe
570 4007 808 4087 circumdarent,
832 4009 1104 4094 amplecterentur.
