3388 5050
767 541 806 605 17

233 747 437 829 φαρμακείας·
459 748 509 812 καὶ
532 747 685 828 τεκμήριον
707 749 805 819 αὐτοῖς
829 749 906 812 ἐστιν
928 749 960 812 οὐ
984 749 1083 828 μικρὸν
1106 747 1148 813 ὅτι
1172 753 1228 813 τῶν
1246 748 1358 828 ἧγεμά-

235 898 287 938 νων
316 873 540 939 στασιασάντων
563 874 614 953 ἐφ’
639 871 750 953 ἡμέρας
774 873 890 946 πολλάς
914 871 1107 953 άάεράτειιτον
1131 875 1164 938 τὸ
1188 879 1278 953 σῶμα
1301 875 1376 940 uuir

234 1022 319 1076 μενον
342 1000 371 1062 ἐν
393 997 491 1070 τόσοις
515 999 625 1077 θερμοῖς
648 996 697 1060 καὶ
716 997 888 1074 πνιγώδεσιν
909 998 989 1062 οὐδὲν
1008 996 1084 1076 ἔσχε
1101 997 1238 1072 τοιαύτης
1250 1001 1359 1080 Φάοράς

234 1129 362 1200 σημεῖον,
396 1122 467 1185 άλλ’
501 1119 596 1199 ἔμεινε
629 1121 751 1201 καθαρὸν
786 1119 838 1185 καὶ
869 1122 1045 1202 τράςφατον.
1079 1121 1230 1202 Quamvis
1262 1122 1360 1208 igitur

234 1246 350 1310 diserte
381 1245 568 1310 contradicit
598 1245 723 1330 ineptae
753 1245 863 1324 famae,
894 1253 999 1310 tamen
1029 1269 1068 1310 ex
1097 1247 1266 1312 Moralium
1292 1248 1359 1313 loco

235 1370 381 1456 colligere
403 1392 572 1456 possumus
592 1368 709 1434 honum
727 1369 934 1434 Plutarchum
953 1372 1045 1436 fidem
1064 1371 1176 1436 habere
1197 1371 1271 1436 huie
1291 1395 1359 1458 per-

234 1496 379 1580 vulgatae
403 1494 670 1558 narratiunculae:
696 1493 787 1557 aliter
811 1494 893 1558 enim
917 1496 950 1560 τὸ
973 1493 1188 1572 ἐσιβονλενάεὶς
1209 1497 1358 1581 explicari

235 1644 297 1686 non
329 1629 443 1707 potest.
477 1619 571 1684 Haud
602 1620 685 1685 enim
709 1619 824 1684 alludit
847 1620 887 1683 ad
911 1643 947 1684 ea
970 1642 1049 1704 quae
1073 1620 1214 1686 accidere
1239 1632 1358 1708 septem

233 1747 323 1811 annis
356 1753 429 1810 ante
459 1745 541 1831 regis
569 1751 711 1822 mortem,
742 1745 989 1808 coniurationem
1020 1745 1089 1809 dico
1125 1745 1243 1827 Dimni‚
1276 1769 1356 1830 quae

234 1871 417 1935 iamdudum
441 1871 475 1934 in
499 1869 686 1934 oblivionem
707 1868 824 1933 abierat
841 1876 874 1933 et
893 1869 974 1934 nihil
993 1893 1157 1936 commune
1177 1871 1271 1936 habet
1283 1895 1355 1936 cnm

233 1995 272 2060 iis
295 2017 375 2080 quae
399 1995 487 2060 nobis
509 1995 618 2059 vendit
639 1993 847 2058 Plutarchus:
871 1995 925 2077 ὑφ’
949 1990 985 2058 ὧν
1008 1995 1092 2068 τέλος
1114 1995 1268 2062 άτέάανεν.

277 2213 308 2275 p.
341 2193 414 2254 539.
438 2194 478 2256 A.
500 2192 538 2256 Ὀ
563 2193 726 2274 Εὐριπίδης
749 2181 835 2258 εἶπάν
860 2195 1049 2278 (sequuntur
1073 2196 1213 2279 quinque
1236 2199 1355 2281 versus)

233 2315 435 2397 φορτικωτάτῃ
467 2316 610 2398 κέχρηται
634 2318 838 2401 μεγαλαυχία
860 2317 929 2383 καὶ
952 2319 992 2400 τῷ
1016 2319 1273 2398 συγκαταπλέκων
1295 2327 1357 2393 τοῖς

233 2441 477 2522 τραγῳδουμένοις
506 2441 611 2506 τάάεσι
641 2440 694 2506 καὶ
720 2443 879 2523 πράγμασι
902 2443 995 2522 μηδὲν
1018 2444 1195 2525 τροςήαοντα
1218 2445 1267 2509 τὸν
1291 2443 1355 2525 περὶ

232 2567 322 2631 αὑτοῦ
346 2567 441 2645 λόγον.
467 2567 507 2632 Ιιι
531 2569 637 2652 primis
657 2568 758 2633 verbis
776 2570 826 2633 καὶ
847 2571 888 2650 τῷ
908 2571 1166 2645 συγκαταπλέκων
1178 2573 1245 2634 sine
1256 2570 1356 2636 dubio

232 2690 282 2755 ael
312 2690 481 2755 delendum
512 2700 575 2757 est:
607 2693 716 2757 turbat
740 2702 772 2758 ct
795 2695 908 2759 evertit
932 2697 1129 2762 sententiam.
1153 2696 1193 2760 In
1216 2698 1256 2778 τῷ
1280 2721 1355 2774 σνγ-

232 2816 430 2882 κατατλέιιειν
453 2840 520 2902 sqq.
543 2819 626 2882 inest
648 2843 740 2884 causa
762 2843 855 2905 quam
883 2822 922 2886 ob
944 2845 1011 2886 rem
1031 2823 1176 2905 κέχρηται
1195 2838 1355 2902 μεγαλαν-

231 2942 306 3024 χίριι
336 2942 465 3007 fortasse
493 2953 562 3009 ΚΑΙ
586 2951 695 3009 natum
719 2953 766 3011 est
788 2969 826 3011 ex
850 2949 1055 3032 praecedente
1077 2949 1108 3032 ι’ρι
1130 2949 1216 3033 quod
1238 2958 1296 3014 1A1
1321 2949 1354 3012 in

231 3067 389 3133 veteribus
412 3068 600 3134 membranis
622 3071 783 3136 scribitur.

278 3288 308 3351 p.
341 3269 415 3331 539.
448 3265 483 3330 Ο.
513 3273 594 3350 Νικρῖ
622 3271 763 3347 Τιμόθεος
785 3270 798 3334 ὁ
822 3271 967 3345 Μιλήσιος
990 3271 1038 3336 τὸν
1063 3271 1268 3352 Κάρβωνος
1290 3276 1354 3340 τὸν

234 3390 522 3472 ἰωνοκάμπταν.
565 3393 605 3458 In
646 3395 767 3458 ultimis
803 3395 904 3459 verbis
938 3394 1018 3460 latet
1052 3396 1218 3461 mendum:
1254 3399 1355 3484 primo

233 3514 356 3597 Κάρβων
379 3540 441 3582 non
465 3526 513 3582 est
534 3541 648 3583 nomen
671 3519 831 3605 proprium
855 3520 1029 3586 Graecum:
1052 3521 1166 3587 deinde
1185 3522 1353 3602 ἰωνοκάμπ-

232 3664 297 3714 ταν,
321 3643 424 3726 quoad
448 3643 522 3724 scio,
546 3644 627 3708 nihil
651 3654 707 3709 est.
732 3643 765 3708 Is
781 3666 874 3729 quem
896 3644 1080 3712 Timotheus
1099 3648 1174 3711 vicit
1190 3653 1238 3713 eat
1257 3647 1356 3734 Phry·

232 3764 291 3845 nis,
313 3765 399 3830 filius
422 3767 576 3849 Κάρβωνος
591 3769 647 3856 (.)
674 3777 767 3854 poeta
790 3771 1035 3857 dithyrambicus
1058 3774 1114 3857 qui
1137 3773 1216 3837 vixit
1237 3774 1271 3837 in
1290 3775 1352 3838 fine

232 3891 339 3974 quinti
368 3893 485 3957 saeculi
514 3901 587 3958 ante
618 3894 777 3960 Christum
808 3904 935 3961 natum:
966 3898 1149 3964 Timotheus
1180 3899 1246 3985 ipse
1268 3900 1351 3965 diem

231 4014 312 4080 obiit
335 4021 396 4084 357
423 4041 450 4084 a.
476 4016 548 4084 Chr.
575 4041 609 4083 n.
625 4017 662 4106 ¹).

236 4184 431 4196 —-—..

267 4274 285 4337 ¹)
302 4275 413 4342 Cognovi
428 4293 456 4326 ex
474 4277 549 4334 Rode,
565 4279 712 4330 Geachichte
728 4280 771 4330 der
788 4281 962 4332 Griechisohen
979 4282 1132 4333 Dichtlrunst
1149 4285 1196 4350 (ΙΙ,
1213 4286 1228 4333 2
1244 4301 1267 4349 p.
1287 4287 1348 4350 30⁵)

1208 4376 1222 4415 2
