3388 5050
383 842 413 906 p.
446 823 520 885 539.
551 822 588 886 E.
620 820 722 886 Facile
754 844 817 886 non
846 828 903 901 est,
931 823 1046 905 inquit,
1070 829 1181 900 tacere,
1203 823 1228 887 si
1248 825 1319 907 quis
1339 847 1370 888 se
1389 825 1454 910 ipse

339 946 463 1011 laudat:
488 969 670 1012 accusamur
693 948 774 1010 eninr
797 947 943 1024 invidiae,
968 955 1000 1010 et
1023 947 1081 1010 hoc
1105 955 1189 1011 metu
1214 947 1342 1013 adducti
1365 972 1454 1035 saepo

338 1072 478 1156 cogimur
507 1071 597 1136 inviti
622 1072 764 1135 assentiri
790 1071 923 1136 alicuius
946 1071 1092 1136 laudibus
1114 1072 1164 1136 καὶ
1187 1081 1453 1154 συνεπιμαρτυρεῖν,

338 1201 467 1276 πρᾶγμα
488 1197 626 1278 κολακεία
649 1196 818 1276 ἀνελευθέρῳ
841 1204 977 1277 προςῆκιν
1002 1203 1119 1273 μᾶλλον
1141 1195 1157 1270 ἢ
1182 1206 1264 1278 τιμῇ,
1289 1198 1328 1262 τὸ
1348 1200 1363 1262 ε’
1369 1221 1453 1263 παι-

338 1328 413 1384 νεῖν
443 1319 654 1400 παρόντας,
679 1320 878 1398 ὑπομένοντες.
903 1320 1121 1405 Inopportune
1143 1322 1175 1386 τὸ
1198 1323 1326 1386 ἐπαινεῖν
1349 1322 1453 1402 παρόν-

336 1468 392 1516 τας
426 1445 458 1508 in
496 1445 597 1509 media
631 1445 785 1508 sententia
816 1444 1046 1529 interponitur:
1079 1451 1217 1508 moratur
1247 1447 1452 1510 sententiam:

336 1575 496 1653 praeterea
520 1568 658 1632 nondum
683 1567 773 1632 obliti
797 1590 904 1632 sumus
929 1568 960 1632 id
980 1568 1081 1652 ipsum
1102 1569 1151 1651 agi
1173 1575 1210 1631 ut
1229 1569 1351 1634 landari
1365 1593 1452 1654 coga·

337 1714 407 1756 mur
440 1714 663 1775 nonuunquam
698 1697 883 1777 praesentes.
916 1691 997 1756 Mihi
1028 1695 1244 1776 interpretatio
1271 1695 1455 1778 praeceden-

335 1815 415 1880 tium
447 1837 511 1878 esse
541 1815 665 1880 videtur
696 1839 713 1878 a
742 1815 911 1900 posteriore
945 1838 1036 1878 {nanu
1066 1815 1182 1895 addita,
1207 1838 1300 1900 quam
1324 1816 1363 1882 ob
1386 1841 1452 1882 rem

334 1939 500 2006 delendum
525 1961 643 2004 censeo.

379 2211 409 2272 p.
444 2191 516 2250 539.
547 2185 582 2250 F.
615 2186 722 2251 Potest
751 2208 978 2270 nonnunquam
1009 2187 1101 2250 etiam
1132 2189 1178 2252 vir
1208 2172 1452 2253 modestissimds

335 2316 431 2374 semet
461 2312 562 2395 ipsum
596 2310 734 2390 laudare,
767 2311 819 2374 sed
843 2311 1000 2374 occasione
1023 2318 1055 2374 et
1078 2334 1109 2375 re
1134 2312 1344 2396 poscentibus,
1369 2335 1453 2397 prae·

335 2435 440 2499 sertim
472 2456 568 2518 quum
601 2435 682 2498 facta
713 2434 809 2520 proba
831 2435 902 2514 sint,
927 2443 995 2500 tum
1020 2435 1116 2500 libere
1139 2459 1208 2500 eum
1235 2437 1339 2521 eloqui
1365 2460 1451 2521 opor·

334 2567 382 2624 tet
412 2582 443 2622 se
472 2560 535 2624 tale
567 2561 642 2643 quid
675 2560 856 2625 confecisse:
890 2583 969 2644 quae
1000 2583 1108 2644 graece
1138 2562 1182 2625 ita
1214 2563 1448 2648 exprimuntur:

333 2683 471 2762 μάλιστα
500 2685 531 2748 δὲ
554 2682 622 2748 ὅταν
646 2681 663 2764 ᾖ
686 2685 727 2748 τα
749 2683 949 2764 πεπραγμένα
971 2683 1100 2763 χρηστα,
1125 2686 1247 2768 τό[τε]
1273 2686 1317 2762 μὴ
1341 2686 1449 2768 φεισα-

334 2831 419 2887 μεννν
447 2809 532 2872 εἰπεῖν
563 2805 781 2888 διαπράξασθαί
808 2833 836 2872 τι
860 2813 915 2871 τῶν
938 2808 1047 2884 ὁμοίων.
1074 2807 1167 2871 Recte
1192 2808 1359 2873 Diihnerus
1383 2816 1452 2893 post

332 2936 365 2998 τὸ
387 2933 475 2998 addit
497 2958 539 3005 τε,
563 2935 608 2997 ita
631 2941 667 2998 ut
689 2935 743 2998 fiat
763 2934 942 2998 adverbium
964 2935 1112 3019 temporis
1131 2935 1215 3016 quod
1229 2957 1299 2997 cum
1313 2935 1451 3019 emphasi

332 3062 468 3125 refertur
490 3060 528 3123 ad
553 3058 631 3130 droco,
656 3082 727 3124 oum
741 3107 839 3124 .....
864 3067 943 3124 tum.

377 3319 407 3382 p.
435 3299 508 3362 541.
533 3295 567 3358 O.
592 3295 655 3359 Ubi
678 3302 845 3359 narrantur
869 3293 960 3359 verba
984 3293 1144 3379 superbiae
1164 3294 1256 3378 plene
1280 3293 1452 3358 etPhocio·

333 3421 382 3484 nis
405 3442 552 3504 magnum
576 3419 714 3482 animum
738 3419 953 3503 significantia,
977 3420 1022 3483 ita
1046 3417 1168 3482 editur:
1189 3417 1342 3496 τίλέγεις,
1364 3412 1450 3491 εἶπεν,

335 3539 383 3629 [ὦ]
407 3540 504 3618 odram
529 3545 578 3608 οὐκ
601 3545 729 3624 νὶγαπρῖς
752 3543 937 3617 ἀποθνήσκων
957 3543 1037 3621 μετα
1058 3543 1219 3617 Φωκίωνιςς
1241 3541 1341 3605 Nullo
1362 3541 1452 3605 modo

334 3663 413 3740 οὗτος
436 3668 474 3732 ad
499 3667 683 3730 Phocionem
709 3668 814 3730 referri
839 3673 958 3750 potest:
982 3666 1223 3750 intelligendum
1249 3667 1348 3750 igitur
1372 3671 1452 3729 esset

335 3837 528 3845 ——--—

334 3928 400 3978 viros
421 3927 504 3975 doctos
526 3926 655 3974 dissentire
679 3925 707 3972 de
726 3925 823 3972 nomine
842 3924 918 3987 putris
938 3923 1075 3987 Phrynidis.
1095 3924 1154 3972 Tria
1174 3924 1273 3972 uomina
1290 3923 1387 3981 dantur,
1407 3923 1452 3972 Ka·

334 4036 402 4084 uops,
425 4020 519 4068 Kamon
542 4026 566 4066 et
583 4018 691 4075 Karbon,
710 4033 811 4080 quorum
829 4024 978 4080 postremum
996 4015 1166 4064 tantummodo
1185 4019 1223 4078 (ut
1241 4033 1267 4064 ex
1289 4015 1360 4064 Rodii
1379 4033 1453 4065 oniro-

333 4111 427 4159 tationc
443 4113 554 4175 apparet)
573 4110 627 4158 loco
646 4117 730 4157 nostro
748 4108 893 4156 Plutarcheo
916 4108 1012 4156 nititur.
1030 4107 1191 4156 Praetulerim
1211 4109 1286 4170 igitur
1303 4109 1407 4156 alterum
1423 4125 1451 4156 ex

332 4201 426 4251 duobus
442 4200 650 4265 praecedentibus.
668 4199 796 4264 Quodnam
815 4215 903 4248 nornen
922 4215 1005 4248 verum
1023 4199 1064 4261 sit5
1081 4198 1124 4247 alii
1145 4197 1250 4247 videant.
