3388 5050
379 865 409 927 p.
445 844 517 905 680.
550 842 589 906 D.
622 843 671 916 δεῖ,
696 844 729 907 τὸ
752 843 807 920 μὲν
827 842 875 907 aa
896 844 928 908 τί
948 844 1069 922 γένετοιι,
1095 847 1234 928 τῷλόγῳ
1258 858 1452 927 μετεῖνοιι.

336 965 479 1050 Oportet,
511 967 626 1050 inquit,
659 968 779 1032 ratione
809 968 1004 1052 investigare,
1037 970 1203 1054 inquirere,
1228 979 1334 1057 petere
1357 997 1454 1060 quam

334 1090 373 1154 ob
395 1113 458 1154 rern
482 1091 601 1175 aliquid
622 1090 686 1154 fiat.
712 1075 814 1156 Verba
837 1092 958 1176 signata
981 1096 1118 1180 petendi,
1143 1098 1352 1181 investigandi
1376 1109 1451 1165 sunt

336 1216 466 1294 μετιένωι
495 1223 526 1281 et
550 1216 668 1295 μέθοδος
692 1225 728 1281 ut
747 1224 830 1282 recte
854 1219 960 1284 editur
982 1242 1011 1304 p.
1038 1223 1111 1284 698.
1136 1221 1172 1286 Β.
1197 1224 1229 1288 τὸ
1252 1218 1285 1288 οὖ
1306 1222 1391 1288 ένεκοι
1414 1227 1454 1306 τῷ

334 1344 411 1425 λέγω
443 1344 559 1422 μετιών.
587 1343 810 1428 Unusquisque
840 1345 938 1429 igitur
968 1346 1044 1410 mihi
1071 1348 1221 1412 concedet
1242 1349 1301 1414 hoo
1323 1372 1449 1434 quoquo

334 1469 402 1533 loco
434 1491 535 1532 veram
559 1469 723 1533 lectionem
748 1493 830 1534 esse:
854 1471 995 1550 τῷλόγῳ
1018 1471 1215 1548 μετιένοιι,
1239 1473 1362 1537 duabus
1384 1474 1451 1539 lite·

336 1594 413 1659 rulis
437 1619 445 1658 ι
469 1601 501 1658 et
523 1619 537 1658 ε
559 1595 766 1680 transpositis.

379 1876 409 1940 p.
440 1857 514 1918 694.
539 1852 576 1917 d.
601 1850 698 1934 Ὅπερ
722 1847 768 1917 οὖν
791 1853 864 1926 εἰκὸς
887 1853 1058 1935 ε’περιιένετο,
1082 1859 1138 1918 τῶν
1161 1854 1215 1933 μέν
1240 1856 1453 1938 ἐπιφυομέ-

337 2004 403 2044 νων
430 1981 470 2060 τῷ
493 1978 634 2057 δέγμοιτι,
657 1982 713 2042 τῶν
737 1979 768 2044 δὲ
791 1978 1019 2060 ὑπερδικούντων.
1045 1979 1137 2059 Quod
1162 2002 1217 2064 par
1240 1987 1307 2043 erat
1330 1982 1453 2062 accidit,

334 2103 496 2168 nonnullis
526 2102 727 2183 ἐπιφυομένων
758 2103 880 2187 placito,
910 2104 978 2168 aliis
1002 2103 1252 2168 defendentibus.
1277 2105 1455 2191 Flagitatur

335 2237 405 2317 post
436 2234 491 2294 τῶν
523 2229 577 2308 μὲν
608 2230 694 2294 notio
723 2229 938 2314 impugnandi,
969 2229 1232 2313 reprehendendi:
1265 2230 1318 2294 red
1350 2254 1387 2294 ex
1410 2231 1455 2295 rei

335 2364 449 2421 natura
482 2355 656 2436 έπιφὺεοθοω
691 2355 751 2418 hoc
785 2376 947 2438 nunquam
982 2354 1156 2438 significare
1188 2360 1306 2440 potest:
1339 2380 1356 2420 e
1383 2379 1453 2420 con·

335 2482 430 2545 trario
475 2479 567 2544 habet
615 2481 773 2544 notionem
806 2479 1005 2556 adhaerendi,
1040 2480 1240 2545 assentiendi.
1277 2481 1380 2562 Quam
1415 2482 1454 2547 ob

336 2630 400 2671 rem
426 2606 516 2670 credo
540 2629 577 2669 ex
599 2611 923 2687 ΜΕΜΦΟΜΕΝΩΝ
948 2611 1058 2669 natum
1082 2628 1146 2668 esse

602 2735 932 2805 ΕΠΙΦΤΟΜΕΝΩΝ.

379 2857 519 2921 Fortasse
542 2879 605 2920 una
628 2856 718 2920 litera
742 2863 776 2918 M
796 2863 934 2940 tempore
954 2854 1056 2918 deleta
1077 2861 1132 2934 est,
1154 2854 1239 2938 quod
1257 2854 1370 2918 fefellit
1383 2857 1455 2920 scri-

336 2982 398 3058 bas,
430 2982 494 3065 qui,
525 2988 690 3068 postquam
723 2989 757 3044 M
780 2981 814 3043 in
838 2989 880 3043 ΠΙ
904 2978 1033 3054 abierat,
1057 3001 1154 3062 quum
1177 2977 1351 3060 ε’μφομένων
1376 2979 1456 3043 nihil

335 3129 400 3172 csse
431 3106 645 3188 intelligerent
667 3110 698 3168 et
721 3118 826 3168 tamen
851 3102 976 3168 verbum
1002 3126 1146 3188 graecum
1169 3104 1277 3168 saltem
1302 3104 1454 3168 desidera-

335 3239 415 3310 rent,
440 3234 562 3296 literam
587 3241 612 3296 T
637 3230 782 3294 addidere
806 3236 838 3293 et
858 3229 901 3292 sic
913 3229 971 3292 sibi
995 3228 1083 3294 valde
1105 3229 1269 3314 placebant
1286 3230 1454 3310 ἱωέπιφνο-

336 3358 437 3437 μένων.
462 3356 557 3420 Nunc
581 3378 662 3434 vero,
684 3355 774 3418 modo
793 3355 933 3437 legamus
952 3353 1230 3435 μεμφομένων,
1250 3354 1353 3417 omnia
1373 3359 1455 3418 recte

335 3482 525 3569 procedunt:
548 3480 738 3559 „nonnullis
761 3480 911 3563 placitum
934 3478 1243 3563 reprehendentibus,
1264 3478 1333 3541 aliis
1352 3477 1456 3543 defen-

334 3606 512 3673 dentibua”

380 3877 408 3938 p.
435 3856 508 3917 695.
534 3856 572 3917 A.
594 3852 707 3917 Obiter
725 3850 926 3931 λειποψυχίοιν
948 3852 1133 3916 mutandum
1155 3851 1246 3915 estin
1260 3850 1454 3930 λιποψυχέων.

378 4123 407 4186 p.
445 4102 518 4165 754.
554 4101 592 4163 A.
629 4100 693 4181 Qui
728 4120 855 4162 uxorem
892 4104 976 4160 arcte
1011 4096 1103 4160 habet
1133 4104 1166 4160 et
1197 4108 1327 4176 coercet,
1362 4095 1453 4177 ὥςπερ

334 4226 505 4302 δοικτνλέονς
535 4224 689 4291 δοοκτύλιον
719 4221 800 4305 ἴχνος
831 4218 867 4286 ὧν
899 4221 943 4302 μδ
972 4230 1098 4304 περιρρυῇ
1131 4221 1237 4298 δεδιώς,
1269 4221 1377 4285 similis
1410 4229 1457 4286 est
