3388 5050
802 475 821 536 7

253 706 310 746 ταν
332 680 386 746 καὶ
411 682 546 760 ματαίαν
564 682 613 745 καὶ
633 684 764 762 ἀτερπῶν
782 682 943 760 γέμουσαν,
962 680 1029 756 ἴσως
1048 680 1084 745 ἀν
1102 682 1183 762 αὐτῷ
1198 683 1231 746 τὸ
1243 685 1374 761 πράγμα

252 805 462 884 προσταίη,
484 806 579 886 φανὲν
602 806 691 879 ἀηδὲς
713 805 766 870 καὶ
790 807 970 886 Φλναρῶδες.
995 806 1173 886 Προΐσταται
1192 806 1225 870 τὸ
1243 809 1373 886 πράγμα

252 928 332 992 nibil
355 928 439 992 eliud
464 929 619 1014 significat
642 951 753 1013 quam:
778 952 827 992 res
846 936 919 993 aute
937 930 1044 993 oculos
1063 929 1140 992 mihi
1158 936 1298 993 versatur
1309 930 1373 992 sive

240 1055 356 1149 ¹enimc
387 1076 435 1116 res
467 1053 665 1118 obversatur:
689 1055 845 1118 sententis
867 1076 939 1118 vero
963 1053 1111 1138 postulat,
1136 1053 1220 1137 quod
1243 1061 1373 1138 apparet

253 1201 290 1240 ex
313 1178 572 1262 praecedentibus
593 1185 625 1242 et
649 1178 929 1263 exsequentibus:
954 1179 1092 1258 offendit,
1116 1172 1285 1257 fastidiosa,
1310 1201 1374 1242 mo·

250 1303 329 1366 leste
359 1303 388 1366 ei
418 1326 467 1366 res
496 1309 561 1367 est:
592 1303 699 1367 addita
730 1325 793 1366 uns
817 1303 942 1366 literula
965 1326 1013 1366 res
1035 1304 1154 1389 optime
1176 1326 1209 1366 se
1233 1301 1369 1380 babebit,

252 1430 345 1494 modo
366 1429 507 1512 legamus
528 1428 752 1509 προςσταίη.
779 1428 970 1502 προςίσταταθ
990 1453 1049 1505 μοι,
1072 1436 1131 1500 τοῖς
1153 1427 1311 1501 ἀκούουσιν,
1332 1435 1371 1490 ut

251 1577 343 1618 nemo
371 1554 480 1632 nescit,
511 1553 665 1636 significat
693 1554 877 1617 offendit
906 1553 1014 1617 mibi.
1048 1553 1097 1618 Of.
1130 1553 1250 1617 Sebaef.
1276 1552 1369 1618 Dion.

253 1678 360 1764 Gomp.
385 1702 415 1764 p.
441 1682 515 1744 141.

212 1791 215 1796 ⁵
297 1805 479 1891 Saepissime
501 1811 663 1888 peccatum
687 1804 776 1867 video
799 1805 832 1866 in
855 1803 1145 1889 praepositionibus.
1165 1801 1287 1889 Operae
1305 1825 1372 1887 pre-

250 1932 332 1994 tium
355 1937 402 1994 est
424 1930 536 1993 addere
559 1929 711 1992 nonnulla
734 1929 884 2014 exempla.
908 1929 1024 1992 Editur
1046 1951 1076 2013 p.
1102 1929 1165 1991 253
1187 1930 1225 1991 A.
1245 1929 1278 1990 in
1292 1927 1371 1991 libro

251 2055 307 2139 qui
336 2053 518 2118 inscribitur
541 2055 608 2131 „de
631 2054 796 2134 mulierum
821 2054 1030 2118 virtutibus’':
1054 2054 1256 2135 Ἀριστότιμος
1280 2051 1368 2125 οὕτως

252 2177 438 2260 ἐξεθάρσησεν
462 2177 530 2243 ὥστ’
558 2179 626 2242 ἀνευ
650 2179 808 2259 δορυφόρων
830 2181 870 2252 εἰς
886 2179 939 2252 την
958 2180 1067 2260 ἀγοράν
1086 2183 1256 2259 προςελθεῖν.
1280 2178 1372 2258 Quis-

254 2327 326 2388 que,
360 2304 462 2384 credo,
494 2304 571 2367 mihi
602 2305 751 2369 concedet
780 2308 1006 2387 προςελθεῖν
1037 2306 1224 2370 mutandum
1249 2307 1370 2370 esseio

251 2433 455 2511 προελθεῖν
466 2429 551 2515 quod
563 2430 662 2494 latine
673 2431 788 2496 dicitur
799 2431 965 2516 prodire
977 2433 1010 2494 in
1021 2432 1134 2509 forum,
1146 2432 1180 2494 in
1193 2430 1369 2517 publicum.

296 2555 347 2619 Sic
378 2557 452 2618 325.
482 2556 518 2618 Ε.
542 2555 692 2639 legimus:
716 2555 773 2627 Τίς
796 2555 855 2636 γάρ
877 2559 927 2620 οὐκ
950 2555 985 2620 ἀν
1009 2559 1047 2627 ὡς
1069 2558 1184 2629 ἀληθῶς
1206 2556 1369 2633 ἐκπλαγείη

248 2679 300 2745 καὶ
331 2680 508 2758 θαυμάσειεν
531 2680 668 2758 έμπαθης
691 2680 864 2759 γενόμενος.
879 2731 887 2744 .
902 2730 932 2744 ..
958 2680 1010 2746 καὶ
1033 2681 1277 2761 ἀποβλέψας
1300 2679 1369 2754 ἀνα,

249 2805 449 2885 λαμπρότητα
471 2810 527 2869 τῶν
550 2805 766 2883 ἀναθημάτων;
787 2814 860 2870 cett.
879 2807 1063 2884 ἀποβλέπειν
1083 2805 1141 2870 ἀνα
1155 2813 1211 2887 est,
1224 2814 1262 2870 ut
1274 2807 1369 2891 vulgo

248 2931 376 3010 dicitur,
407 2930 610 2995 contradictio
640 2933 675 2994 in
699 2933 851 2996 terminis.
876 2931 979 2996 Nemo
1003 2954 1152 3016 unquam,
1176 2933 1278 3012 credo,
1303 2955 1370 2996 sur-

249 3078 318 3120 sum
342 3054 509 3141 despiciet;
534 3054 699 3139 legendum
725 3063 772 3119 est
791 3055 968 3136 ὑποβλέψας
988 3057 1027 3120 cf.
1048 3055 1121 3120 Ver.
1140 3054 1228 3119 Lect.
1250 3078 1280 3140 p.
1295 3059 1369 3120 275.

248 3201 313 3263 sqq.
339 3180 389 3243 Sic
412 3202 442 3264 p.
468 3181 542 3242 342.
567 3179 607 3245 D.
631 3178 826 3261 Ἀλέξανδρος
848 3174 929 3253 αὖθις
951 3179 1066 3261 ὥρμητο
1088 3180 1141 3244 καὶ
1161 3179 1284 3245 ἔσπενδε
1301 3183 1370 3262 πρὸς

248 3305 301 3376 την
332 3304 471 3382 διάβασιν
496 3304 654 3390 (πάλιν)
681 3305 736 3369 ubi
759 3305 881 3370 πάλιν
905 3306 1148 3391 expungendum
1172 3313 1229 3384 est,
1253 3306 1369 3391 quippe

249 3451 347 3513 quum
378 3436 482 3493 ortum
513 3429 555 3493 sit
585 3452 621 3492 ex
653 3429 876 3512 sequentibus:
905 3433 923 3494 s
947 3431 979 3494 δὲ
1001 3429 1110 3506 πάλας
1133 3432 1276 3514 sequitur
1298 3433 1315 3504 ἦ
1339 3433 1371 3496 δὲ

248 3555 339 3655 πάλιν
362 3557 443 3635 αὐτῷ
467 3555 523 3628 τάς
547 3556 656 3633 Θήβας
677 3556 867 3619 ἕνέσεισει
891 3555 999 3620 eodem
1023 3579 1094 3621 vero
1112 3556 1284 3620 Plutarcho
1302 3577 1372 3621 con-

248 3681 342 3760 sulto,
365 3681 560 3745 inveniemus
583 3682 617 3744 in
640 3680 715 3744 Vite
735 3681 953 3745 Themistoclis
972 3705 999 3746 c.
1020 3686 1058 3744 4:
1079 3690 1283 3760 Θεμιστοκλῆς
1302 3707 1370 3746 σνν-

246 3807 359 3871 έπεισεν
380 3807 459 3890 (scil.
479 3807 546 3879 τοὺς
563 3807 754 3894 Ἀθηναίους)
776 3810 808 3873 οὔ
830 3816 950 3889 Δαρεῖον
968 3809 1034 3873 οὐδὲ
1054 3807 1168 3889 Πέρσας
1186 3808 1370 3872 ἐπισείων

248 3933 318 3996 ἀλλ’
349 3931 597 4012 ἀποχρησάμενος
625 3941 662 4013 τῇ
693 3935 762 4013 πρὸς
792 3934 955 4011 Αἰγινήτας
986 3937 1064 4014 ὀργῇ.
1089 3933 1201 3997 Stetim
1226 3935 1370 4018 sequitur

248 4055 386 4119 eiusdem
417 4057 540 4140 generis
571 4057 697 4120 vitium:
726 4059 775 4122 τὸν
807 4059 977 4132 Ἑλληνικὸν
1000 4057 1128 4136 πόλεμον
1151 4057 1246 4123 κατέ
1254 4058 1368 4136 βαλε,

251 4180 306 4245 ubi
336 4181 404 4266 ipss
433 4181 513 4245 ratio
545 4203 600 4246 uos
630 4181 777 4246 admonet
807 4190 844 4245 nt
865 4183 1006 4267 legamus
1029 4183 1241 4262 ὑπέβαλεν.
1266 4183 1369 4251 Prius·
