3388 5050
854 477 894 536 lo

496 680 639 762 εἰρημένον
663 682 689 746 δ’
714 683 824 754 adroic
846 683 985 748 οὶιιοινσῖιν
1007 683 1104 748 tutati

496 805 769 884 βουλευσομέναισιν
791 809 822 871 οὐ
846 805 909 880 περὶ
932 806 1051 890 φοούλου
1076 805 1257 888 ιιροέγμοιτος

496 927 606 996 εὕδουσι
628 933 707 1010 κούχ
729 928 851 1004 ἥκουσιν.

319 1057 358 1121 ad
381 1055 606 1120 consulendum
632 1057 671 1121 de
692 1079 725 1120 re
745 1057 830 1121 haud
854 1057 940 1142 parvi
954 1057 1114 1137 momenti,
1127 1080 1189 1121 non
1202 1057 1322 1122 minimi
1335 1057 1440 1143 pretii,

321 1182 351 1246 d'
380 1205 443 1247 une
474 1181 628 1267 bagatelle
657 1181 739 1268 apud
773 1183 1027 1249 Gallo-Francos.
1059 1183 1131 1248 Una
1159 1189 1191 1248 et
1219 1184 1325 1248 eadem
1350 1206 1441 1269 opera

322 1306 554 1372 emendabimus
583 1330 614 1392 p.
653 1309 725 1370 541.
761 1307 799 1372 Ε.
836 1307 958 1387 αἰσχρὸν
991 1305 1164 1387 οὶιιοδεικνύρ
1200 1305 1252 1371 acl
1287 1312 1441 1388 φαῦλον

320 1433 453 1517 legendo
488 1437 663 1514 Φλοιῒιρον
698 1439 729 1496 et
760 1455 791 1517 p.
827 1434 899 1496 545.
933 1431 972 1496 D.
1005 1431 1074 1496 ὅσον
1097 1430 1213 1505 έιιοοινος
1236 1431 1440 1513 ἧμονρσνμένος

323 1682 456 1766 legendo
487 1687 668 1764 φλοιῦροιῑ
700 1682 758 1746 hoc
781 1682 862 1746 enim
887 1681 954 1746 loeo
977 1681 1155 1746 luculenter
1178 1690 1307 1768 apparet
1329 1682 1440 1746 vitium

324 1807 471 1890 quoniam
505 1811 629 1887 φλαῦρον
659 1812 744 1870 arcte
775 1807 978 1870 coniunctum
1002 1812 1049 1869 est
1071 1828 1142 1869 eum
1166 1805 1290 1887 πονηράν
1312 1805 1441 1890 eiusque

328 1933 500 2010 συνώνυμον.
526 1934 632 1996 Iocum
654 1932 742 1995 iuvat
765 1952 933 1995 memorare
953 1953 989 1994 ex
1007 1931 1094 1994 Suet.
1115 1929 1179 1994 Vit.
1201 1928 1328 2024 Vespas.
1348 1953 1374 1994 e.
1390 1933 1442 1993 22.

325 2056 519 2136 „Mestrium
557 2055 685 2120 Florum
720 2055 924 2134 consularem,
954 2054 1133 2118 admonitus
1163 2053 1202 2118 ab
1232 2076 1279 2132 eo,
1302 2054 1441 2140 plaustra

236 2221 238 2224 v
326 2182 431 2266 potius
455 2202 548 2264 quam
572 2180 690 2266 plostra
712 2179 853 2258 dicenda,
878 2185 1000 2264 postero
1023 2179 1074 2243 die
1095 2178 1244 2243 Flanrum
1264 2177 1441 2243 salutavit?

367 2449 398 2514 p.
425 2431 498 2492 538.
523 2427 559 2490 Β.
585 2427 773 2492 Plutarchus
796 2450 859 2491 non
880 2449 1000 2512 semper
1017 2427 1156 2491 historici
1177 2427 1276 2491 officio
1295 2433 1440 2491 accurate

324 2559 356 2616 et
377 2553 545 2637 diligenter
570 2552 731 2636 fungitur:
756 2553 799 2616 sic
823 2553 972 2636 legimns:
995 2523 1188 2633 Ἀλέξοονδρος
1207 2553 1368 2633 φέονοῦντοο
1386 2548 1441 2628 μέν

320 2677 423 2754 Ὶοιίδένοι
457 2672 530 2756 εἶχε,
566 2682 726 2756 μισοῦντος
758 2678 789 2742 δὲ
821 2677 947 2750 πολλοὺς
978 2678 1031 2760 ὑφ’
1065 2673 1100 2741 ὧν
1124 2677 1206 2748 τέλος
1228 2675 1441 2754 ἐπιβουλευθεὶς

324 2803 476 2868 οἱσέέοονεν.
501 2803 624 2867 Diserte
642 2791 746 2887 'igitur
770 2804 860 2868 docet
885 2810 989 2867 noster
1013 2803 1223 2867 Alexandrum
1248 2801 1369 2866 insidiis
1387 2801 1443 2864 ini·

326 2929 475 2992 micorum
498 2927 579 2992 diem
603 2927 725 2992 obiisse.
750 2929 830 2992 Ecce
854 2951 993 2992 veracem
1011 2928 1210 2992 historicum!
1231 2926 1303 3012 Ipse
1322 2927 1356 2989 in
1377 2924 1442 2988 Vit.

327 3054 496 3117 Alexandri
527 3076 552 3118 c.
588 3057 627 3119 75
652 3060 776 3117 narrat:
800 3054 890 3118 κάκεῖ
911 3054 1003 3138 (apud
1029 3053 1182 3135 Medium)
1207 3054 1277 3116 πιὼν
1300 3051 1369 3126 ἕλην
1391 3050 1444 3124 τὴν

325 3179 462 3242 έιιιοῦσοιν
498 3177 607 3259 ἡμέριον
637 3175 743 3259 ἥρξοισο
774 3177 920 3259 πυρέσσειν
933 3226 961 3241 ..
977 3227 1006 3242 ..
1039 3175 1262 3255 Ἀριστόβουλος
1293 3175 1324 3240 δέ
1354 3181 1443 3257 oneo

325 3305 414 3368 οιύσὸν
436 3303 605 3384 διψήσουσιν
628 3303 742 3384 σφέδροι
763 3310 838 3367 οιιεῖν
861 3297 940 3367 οἶνον·
962 3304 995 3368 έιι
1016 3301 1117 3367 τούτου
1141 3302 1172 3366 δέ
1192 3304 1373 3382 Φρενισιοῖσοιι
1392 3299 1443 3365 aori

326 3435 499 3502 σελευσῆσοιι
522 3425 654 3509 σριοικοὲδι
679 3426 800 3492 Δοιισέου
824 3426 922 3505 μηνός.
947 3427 984 3490 In
1009 3449 1034 3490 c.
1061 3427 1101 3490 76
1124 3432 1292 3490 narrantur
1311 3448 1347 3489 ea
1366 3447 1446 3508 quae

326 3552 360 3615 in
389 3553 466 3616 actis
496 3551 616 3616 diurnis
648 3551 728 3635 regis
762 3551 810 3636 (έν
838 3557 908 3622 cale
931 3549 1088 3627 βασιλείοις
1113 3549 1302 3635 ἐφημερίσιν)
1330 3549 1445 3633 scripta

328 3683 412 3760 sunt,
443 3675 498 3740 ubi
531 3699 570 3740 ne
602 3673 694 3740 verbo
726 3655 852 3760 quidem
884 3675 1001 3738 mentio
1026 3675 1062 3738 fit
1086 3675 1186 3739 caedis
1209 3675 1318 3738 autin
1341 3696 1445 3758 regem
1471 3709 1472 3712 ι

328 3801 563 3866 coniurationis.
597 3801 690 3865 Unde
720 3801 817 3884 igitur
848 3801 880 3864 τὸ
910 3797 1124 3877 ἐπιβουλευθεὶς
1147 3797 1314 3867 clottario?
1339 3799 1386 3863 Ex
1409 3799 1446 3863 iis

327 3910 455 3990 fortasse
486 3949 566 4010 quae
594 3949 620 3990 c.
646 3927 684 3992 77
709 3925 837 4000 indicat,
862 3924 1069 4008 suspicionem
1092 3923 1245 3988 exstitisse
1268 3924 1335 4007 regi
1359 3947 1448 3988 rene·

326 4073 402 4116 num
437 4050 589 4115 traditum
616 4073 680 4114 esse
713 4049 883 4113 Aristotele
917 4055 948 4112 et
980 4049 1147 4134 Antipatro
1170 4047 1366 4114 auctoribus:
1392 4048 1446 4115 sed

329 4175 360 4242 oi
381 4183 562 4242 πλεῖστοι
584 4177 633 4240 τὸν
657 4175 743 4254 λόγον
766 4174 860 4238 έλυο
879 4172 982 4239 οἵονσοιι
1002 4173 1231 4239 σενιλοέσθοιι
1249 4177 1298 4239 τὸν
1317 4175 1446 4257 περὶτῆς
