3388 5050
804 416 844 476 39

261 625 290 687 ei
317 625 373 709 qui
404 647 500 708 equas
530 623 640 688 tondet
668 631 700 688 et
723 623 836 688 deinde
858 624 897 688 ed
919 623 1050 688 fluvium
1075 622 1212 688 adducit.
1236 622 1275 687 In
1300 623 1384 686 hisce

260 748 353 813 verba
386 753 420 813 in
454 750 556 813 medio
589 751 689 834 posita
718 772 840 814 sensum
872 750 1020 813 idoneum
1051 771 1114 813 non
1144 746 1303 833 praebent.
1329 749 1386 812 Aa·

260 879 379 940 sentior
410 875 653 961 Wytteubachio
684 876 868 960 corrigenti:
900 925 921 953 „
931 873 1021 955 ὥςπερ
1052 873 1205 938 δακτύλιον
1238 873 1384 938 διικτύλιν

262 1002 363 1080 ἰσχνοῦ
393 1000 437 1078 μὴ
468 1008 593 1082 περιρρυῇ
624 1001 752 1072 δεδιώς.”
785 1000 850 1081 Qui
882 1022 1010 1063 uxorem
1040 1006 1163 1063 coercet
1191 1006 1229 1062 ut
1260 1001 1286 1064 si
1314 1000 1385 1082 quis

261 1126 376 1189 metuit
397 1147 436 1188 ue
460 1124 597 1188 annulus
619 1126 657 1189 de
681 1147 782 1188 macro
806 1125 904 1210 digito
928 1125 1101 1204 delabatur,
1124 1125 1177 1188 ille
1200 1125 1310 1189 similis
1334 1133 1380 1188 est

261 1249 301 1312 iis
322 1249 378 1332 qui
400 1270 495 1332 equas
517 1249 660 1330 tondent,
683 1254 757 1313 cett.

305 1518 336 1580 p.
369 1499 386 1561 7
392 1499 443 1561 58.
468 1496 505 1560 B.
530 1497 646 1581 Agitur
670 1498 708 1561 de
731 1497 791 1560 diis
815 1498 870 1580 qui
893 1498 954 1560 iam
978 1498 1085 1560 statim
1107 1497 1220 1560 indea
1248 1497 1384 1582 pueritia

264 1646 319 1687 nos
343 1628 455 1686 curant
477 1630 509 1686 et
531 1646 550 1685 a
570 1623 660 1687 malis
683 1622 866 1686 defendunt.
891 1622 954 1686 Ubi
977 1623 1144 1700 nascimur,
1165 1622 1268 1690 adstat
1287 1623 1383 1687 Εἰλεί-

264 1748 346 1814 θιιιιις
373 1747 429 1811 ubi
452 1753 657 1832 aegrotamus,
681 1749 759 1812 deus
782 1748 836 1810 ille
860 1770 947 1836 opem
970 1746 1039 1824 lert,
1059 1748 1110 1812 cui
1130 1747 1207 1810 haec
1227 1748 1384 1832 provincia

263 1872 397 1936 tradita:
433 1896 472 1936 ne
508 1880 648 1937 mortuos
682 1873 820 1957 quidem,
855 1874 967 1957 pergit,
982 1914 985 1918 -
1003 1872 1080 1936 deus
1115 1873 1286 1956 relinquit:
1321 1871 1384 1937 ἔστι

263 1997 295 2062 δέ
328 2021 373 2070 τις
402 2000 488 2062 ἐκεῖ
514 1997 654 2074 κομιστὴρ
684 1997 800 2063 ἐνθένδε.
835 1997 878 2061 Ut
906 1998 1083 2063 luculenter
1106 2003 1242 2083 apparet,
1267 1998 1384 2062 dicitur

264 2124 375 2204 Ἑρμῆς
405 2124 618 2203 ψυχοπομπός.
644 2124 706 2190 Sed
729 2123 785 2188 ubi
807 2131 854 2189 est
875 2125 929 2189 ille
953 2125 1053 2189 deus?
1074 2123 1180 2190 Ἔστιν
1202 2127 1271 2196 ἐκεῖ,
1295 2125 1385 2188 nimi·

262 2271 333 2312 rum
353 2248 437 2333 apud
456 2249 572 2312 inferos
592 2254 630 2312 ut
646 2247 838 2313 Plutarchus
849 2255 950 2335 putat.
963 2251 1114 2313 Attamen
1127 2251 1201 2314 satis
1213 2257 1324 2314 notum
1337 2259 1384 2314 est

263 2373 435 2438 secundum
466 2379 604 2438 veterum
629 2375 790 2459 opiniones
811 2374 962 2440 Mercurii
986 2374 1087 2438 sedem
1112 2397 1174 2438 non
1199 2374 1383 2459 apud-inle-

262 2521 312 2563 ros
334 2499 447 2563 fuisse:
472 2499 551 2563 latet
572 2500 672 2582 igitur
692 2500 839 2563 mendum
860 2499 893 2562 in
914 2498 1005 2562 verbo
1024 2501 1089 2563 ἐκεῖ.
1103 2499 1152 2563 Nc
1164 2499 1268 2562 nimiis
1281 2497 1384 2562 amba-

262 2623 354 2708 gibus
377 2631 449 2688 utar
470 2625 504 2688 in
527 2647 559 2688 re
582 2624 751 2688 certissima
774 2631 807 2688 et
829 2624 1064 2708 simplicissima,
1086 2623 1186 2688 dicam
1206 2624 1284 2707 quid
1309 2623 1385 2687 mihi

261 2749 429 2833 legendum
463 2750 614 2814 videatur.
650 2750 697 2812 Ex
727 2749 859 2834 pulchra
891 2758 1032 2813 veterum
1064 2750 1220 2814 sententia
1251 2749 1384 2813 Hermes

262 2876 467 2954 ψυχοπομπὸς
498 2882 622 2939 eterra
645 2874 685 2938 ad
707 2875 821 2938 inferos
843 2876 960 2939 animas
982 2875 1081 2953 ducit,
1105 2875 1125 2938 i.
1151 2898 1177 2938 e.
1202 2874 1274 2937 hinc
1296 2873 1383 2950 illuc,

263 2999 347 3082 quod
375 3021 483 3083 graece
507 2979 693 3082 exprimitur
715 2998 824 3063 ἐνθένδε
845 3001 860 3063 ε’
868 3005 992 3063 nelca:
1017 2998 1140 3063 duabus
1162 2999 1261 3082 igitur
1284 2996 1385 3060 literis

262 3124 387 3203 additis,
419 3131 503 3188 recte
525 3122 622 3187 stabit
645 3124 810 3187 sententia.
835 3122 993 3201 Ceterum,
1018 3123 1043 3186 si
1068 3124 1138 3207 quis
1161 3127 1381 3206 argumentum

263 3252 419 3316 desiderat
448 3249 665 3315 huiuscemodi
696 3248 841 3314 adverbia
863 3250 921 3314 hoc
944 3270 1035 3312 sensu
1055 3249 1140 3333 poni,
1165 3246 1256 3310 modo
1280 3245 1386 3309 memi-

262 3378 345 3441 nerit
378 3376 527 3463 pulchrae
561 3376 664 3440 laudis
699 3375 738 3438 ab
770 3375 978 3459 Aristophane
1008 3373 1153 3458 Sophocli
1182 3370 1320 3436 tributae
1353 3371 1385 3435 in

263 3503 369 3581 Bauio,
405 3525 448 3565 vs.
481 3505 541 3565 82:
573 3503 587 3565 ὃ
618 3502 645 3566 δ’
676 3500 792 3573 εὔκολος
821 3501 877 3578 μὲν
907 3499 1012 3572 ἐνθάδ’,
1041 3498 1156 3571 εὔκολος
1180 3499 1206 3563 δ’
1229 3499 1297 3561 ἐκεῖ.
1322 3495 1386 3559 Ubi

261 3627 361 3694 ἐνθάδε
390 3627 470 3692 nibil
499 3626 586 3690 aliud
615 3633 662 3690 est
691 3647 785 3710 quam
808 3626 908 3697 ιιὺτιῦ,
933 3623 993 3702 bic,
1018 3624 1169 3701 interra,
1194 3628 1227 3684 ct
1250 3622 1312 3685 ἐκεῖ
1330 3618 1384 3696 ibi,

264 3754 348 3838 apud
384 3752 510 3816 inferos.
542 3749 707 3814 Praeterea
737 3749 775 3814 cl.
806 3747 937 3812 Lucian.
970 3747 1051 3811 Dial.
1077 3747 1173 3810 Mort.
1197 3745 1225 3823 I,
1255 3768 1281 3809 c.
1307 3748 1328 3808 4
1351 3744 1384 3807 iu

262 3878 365 3944 initio.

307 4147 337 4211 p.
363 4126 437 4190 772.
464 4122 503 4187 D.
527 4123 588 4206 ᾔτει
612 4121 727 4195 νειινίιις
749 4121 873 4201 χιλίους,
896 4120 987 4194 τοὺς
1009 4120 1095 4202 ἀκμῇ
1119 4117 1311 4201 διιιΦέριντιις
1333 4115 1385 4182 recl
