3388 5050
901 480 919 538 6

354 709 436 749 mere
460 692 492 749 et
514 685 673 750 illustrare
697 686 904 770 imaginibuse
924 687 987 750 vito
1006 687 1187 772 desumptis,
1210 686 1470 771 quemadmodum

353 810 411 874 hoc
431 810 499 874 loco
522 833 612 876 aures
635 816 687 875 τοῦ
707 817 1020 892 πολυπραγμονοῦντος
1040 819 1262 897 comparantur
1279 835 1350 877 cum
1364 834 1472 877 cucur·

355 933 465 998 bitulis
488 941 613 999 etcum
638 936 737 1021 portis
760 935 903 1000 nefandis
927 935 1132 1020 tristibusque
1155 936 1258 1000 urbis:
1282 937 1357 1000 audi
1381 937 1471 1004 modo

354 1061 457 1145 ipsum
482 1068 677 1126 narrantem:
701 1059 792 1142 ὥςπερ
816 1063 847 1126 αἱ
869 1062 968 1134 πόλεις
991 1060 1094 1140 ἔχουσί
1115 1085 1196 1134 τινας
1215 1062 1314 1134 πύλας
1332 1060 1471 1142 οὶποΦροέ-

353 1185 408 1258 δας
438 1183 490 1249 καὶ
518 1185 698 1268 σκυθρωποὶς,
721 1185 757 1250 δι’
786 1181 823 1250 ὧν
846 1184 983 1266 ἐξάγουσι
1006 1185 1072 1258 τοὺς
1097 1186 1334 1264 θανατουμένους,
1358 1186 1410 1252 καὶ
1433 1189 1473 1251 τοι

354 1307 481 1387 λύματα
513 1309 564 1374 καὶ
600 1310 666 1382 τοὺς
696 1310 861 1391 καθαρμοὺς
892 1309 1095 1388 ἐκβάλλουσιν,
1127 1311 1233 1388 εὐαγὲς
1256 1311 1282 1376 δ’
1306 1312 1386 1377 οὐδὲν
1410 1312 1474 1377 οὐδὲ

354 1435 421 1515 ἱερὸν
444 1432 536 1508 εἵςεισι
559 1435 595 1500 δι’
624 1437 719 1500 αὐτῶν
742 1435 805 1500 οὐδὲ
827 1432 939 1508 ἔξεισιν·
961 1433 1032 1500 οὕτω
1055 1434 1107 1499 καὶ
1125 1435 1165 1500 τοὶ
1184 1439 1240 1499 τῶν
1259 1450 1473 1516 πολυπραγμο-

355 1559 473 1624 νούντων
508 1555 570 1624 ὦτα
602 1560 731 1642 χρηστὸν
759 1560 839 1624 οὐδὲν
869 1559 931 1625 οὐδὲ
960 1560 1087 1632 οὶστεῖον,
1118 1560 1189 1623 ἀλλ’
1213 1560 1237 1624 οἱ
1259 1559 1370 1640 Φυνικοὶ
1394 1560 1474 1638 λόγον

355 1686 517 1767 διέρχονται
541 1693 599 1750 cet.
624 1684 704 1765 Quis
727 1707 790 1749 non
814 1685 920 1749 statim
945 1684 1031 1748 videt
1051 1691 1121 1769 post
1139 1685 1257 1750 ἀστεῖον
1275 1684 1473 1750 inserendum

281 1797 284 1803 ’
354 1835 418 1875 esse
442 1811 542 1885 διίκσιν
563 1816 619 1874 aut
642 1811 705 1873 tale
727 1809 825 1894 quid?
845 1808 983 1873 Verbum
1005 1810 1087 1873 enim
1111 1809 1236 1872 finitum
1260 1809 1351 1893 plane
1377 1809 1473 1873 abest.

355 1935 500 2001 Ceterum
525 1935 664 2000 videmus
687 1935 889 1999 Plutarchum
913 1956 977 1999 non
1001 1934 1077 1998 satis
1097 1934 1157 1999 sibi
1177 1934 1330 2019 placuisse
1349 1940 1474 2018 etpost·

358 2082 451 2145 quam
482 2082 559 2124 usus
588 2067 669 2124 esset
700 2061 798 2145 prima
822 2060 1063 2145 comparatione,
1088 2060 1117 2123 ei
1138 2059 1171 2122 in
1197 2067 1331 2123 mentem
1356 2059 1474 2124 venisse

355 2185 448 2248 aliam
483 2207 545 2269 qua
579 2185 668 2249 valde
703 2186 838 2271 gaudet:
868 2184 956 2248 addit
988 2185 1070 2248 enim
1097 2186 1265 2264 αὐταρκῶςι
1298 2187 1414 2263 μαλλον
1444 2183 1475 2250 δὲ

355 2309 447 2392 ὥσπερ
470 2318 545 2376 cett.

399 2581 430 2642 p.
457 2559 528 2620 519.
554 2558 592 2620 A.
617 2559 648 2622 οὐ
671 2557 728 2637 γὰρ
752 2551 786 2630 ἧς
810 2554 883 2634 πρωῒ
902 2559 970 2621 κατ’
995 2554 1122 2637 αγοροὶνς
1143 2550 1177 2628 ἧς
1196 2578 1289 2641 prava
1310 2535 1476 2641 soimapro

356 2677 440 2755 ἦσθα.
471 2681 511 2746 Ιιι
542 2680 682 2745 versione
711 2681 811 2744 latina
841 2680 1044 2745 discernenda
1068 2680 1200 2744 fuissent
1223 2703 1258 2744 ca
1281 2703 1360 2764 qnae
1383 2681 1475 2744 homo

356 2807 497 2871 curiosus
520 2813 608 2890 rogat
632 2812 664 2870 et
686 2830 721 2870 ea
744 2828 824 2890 quae
845 2807 1012 2892 respondet
1035 2805 1127 2870 homo
1150 2805 1271 2870 obviam
1295 2806 1395 2871 factus
1419 2829 1476 2870 nu·

354 2933 454 3016 gatori
485 2933 617 2996 curioso.
649 2934 688 2996 In
711 2937 802 2995 textu
825 2931 946 3015 vulgari
969 2954 987 2994 a
1010 2930 1184 3009 „Novine”
1207 2953 1307 3014 usque
1327 2929 1367 2995 ad
1389 2931 1474 3010 „im-

357 3056 529 3120 mutatam”
560 3063 635 3120 suut
660 3055 752 3122 verba
777 3057 834 3120 viri
858 3056 981 3121 curiosi.
1008 3055 1067 3120 Sed
1092 3056 1167 3120 haec
1190 3057 1363 3120 sententiae
1387 3078 1476 3141 repu-

355 3191 463 3269 gnant.
488 3185 531 3252 Ὀ,
549 3186 801 3264 πολυπραγμονῶν
824 3182 945 3246 obviam
968 3182 1070 3246 factus
1089 3182 1186 3244 elicui
1205 3187 1309 3264 rogat:
1322 3180 1474 3265 „Ecquid

356 3310 451 3374 novi?
474 3309 544 3372 Jam
570 3332 659 3373 mane
682 3310 715 3372 in
739 3309 803 3372 iore
826 3306 1036 3372 ambulasti?’'
1058 3305 1116 3370 Cui
1138 3306 1227 3387 alter,
1246 3307 1345 3371 iratus
1365 3307 1476 3370 etirri·

355 3442 443 3499 tatus
466 3435 617 3499 molestiis
640 3456 717 3517 quas
741 3433 799 3498 sibi
823 3433 950 3498 exhibet
971 3434 984 3497 ὃ
1007 3437 1269 3513 πολυπραγμονῶν,
1293 3431 1475 3517 respondet:

356 3558 496 3639 „Quid?
519 3559 605 3623 Num
629 3566 721 3644 putas
745 3560 839 3622 trium
862 3559 1008 3622 horarum
1032 3559 1133 3642 spatio
1157 3562 1253 3620 totam
1279 3555 1387 3620 urbem
1410 3578 1476 3619 mu·

356 3686 415 3749 tari
439 3707 526 3770 posse
552 3684 600 3749 vel
624 3691 774 3748 mutatam
794 3681 903 3748 esse?’'
923 3681 1094 3766 Sequentia
1113 3687 1195 3745 recte
1213 3680 1398 3744 cohaerent:
1420 3687 1476 3744 aut

357 3815 404 3874 est
425 3809 546 3893 aliquid
569 3810 652 3887 novi,
676 3815 733 3872 aut
756 3830 818 3873 non
844 3813 899 3871 est.

402 4077 431 4139 p.
466 4056 538 4117 520.
572 4056 609 4117 A.
640 4052 675 4117 ab
704 4077 748 4123 τις
771 4050 1018 4125 κατασκέπτηται
1041 4052 1140 4115 forma
1164 4051 1342 4136 posterioris
1365 4050 1476 4113 aetatis

358 4200 412 4265 pro
435 4187 621 4262 κατασκοπῇ.
640 4175 762 4242 Ibidem
782 4176 904 4240 editur:
925 4174 961 4239 oia
981 4200 1025 4248 τις
1044 4185 1220 4257 κατασκοπῇ
1234 4178 1349 4240 πολλῶν
1360 4174 1476 4255 ἀχρήσ-
