3388 5050
860 391 902 452 24

321 599 498 664 luculenter
530 604 675 685 apparet:
706 600 730 664 οἱ
759 597 859 678 ὁμόθεν
888 602 1018 678 γεγῶτες
1050 599 1248 684 snntiiqni
1271 599 1439 664 excedam

323 723 390 788 loco
424 723 552 787 oriundi
581 730 666 800 sunt,
696 724 717 787 i.
749 747 776 788 e.
800 723 910 787 fratres
932 746 967 787 ex
991 723 1098 787 eadem
1121 724 1319 788 matronali.
1343 722 1439 787 Plane

320 868 548 932 supervacuum
584 847 684 932 igitur
718 847 776 912 hoc
810 845 937 912 verbnm
974 854 1037 912 est:
1073 854 1177 932 potest
1211 870 1275 912 esse
1309 846 1439 924 „lactea

319 968 466 1035 ubertae”
498 971 634 1036 auctoris
656 971 765 1050 nostri,
790 970 844 1034 aed
866 971 971 1055 potius
994 971 1185 1036 omitterem:
1210 971 1271 1035 iam
1295 971 1370 1034 eatis
1393 977 1439 1035 eet

319 1117 375 1160 nos
405 1094 525 1159 moneri
556 1095 643 1159 illam
673 1117 804 1180 poenam
827 1096 937 1168 ἕντῆς
960 1097 1054 1169 αὐτῆς
1076 1095 1177 1176 χώρας
1200 1093 1252 1159 nai
1276 1093 1353 1175 ῥίζης
1377 1117 1437 1158 ma·

319 1244 412 1287 naret
436 1221 642 1307 explicatione
666 1242 757 1306 porro
781 1242 858 1306 opus
879 1243 943 1284 non
966 1228 1023 1285 est.

364 1503 394 1567 p.
420 1483 494 1544 554.
517 1482 554 1545 F.
579 1481 706 1566 Optime
729 1479 954 1545 Valckenarius
977 1480 1116 1545 restitnit
1139 1480 1352 1545 hexametrum
1371 1482 1436 1546 Ste-

319 1603 492 1669 sichoreum
504 1629 512 1667 ε

407 1755 480 1837 τρῖδε
502 1753 612 1836 δροῦιιοον
635 1753 691 1832 μὲν
713 1750 793 1827 ἔδοξε
815 1759 918 1831 μολεῖν
941 1751 1159 1834 βεβροτωμένος
1181 1751 1265 1836 ἄκρον

321 1903 375 1987 qui
402 1903 561 1968 vernusia
585 1901 720 1966 editione
743 1900 946 1967 Diibncriana
968 1901 1012 1966 sic
1036 1901 1155 1967 editur:

406 2052 479 2133 τρῖδε
502 2050 612 2133 δροὶιιιον
634 2050 752 2124 ἐδόκησε
775 2057 876 2129 μολεῖν
899 2049 976 2130 κνὶριι
997 2049 1215 2132 βεβροτωμένος
1238 2047 1330 2132 ἄκρον,

360 2345 390 2406 p.
417 2325 490 2387 555.
514 2321 548 2386 O.
579 2323 714 2396 τοορῦένον
736 2321 884 2404 ε’λενῦἑροιν
907 2319 985 2403 ὕβρει
1008 2319 1288 2402 μεταπεμψάμενος
1308 2323 1346 2394 ὥς
1364 2319 1434 2398 ἕξων

316 2446 365 2511 διὰ
395 2445 495 2520 νυκτός
525 2469 590 2530 sqq.
615 2446 666 2511 Sic
691 2445 867 2510 Dr'ibncrus.
890 2445 1040 2510 Reiakiue
1062 2453 1133 2530 post
1156 2445 1303 2526 ἐλευθέραν
1325 2447 1435 2512 inserit

315 2572 376 2652 ἐφ’.
410 2571 496 2652 Quas
525 2571 672 2635 lectiones
704 2571 730 2635 si
760 2570 895 2649 confero,
920 2569 1153 2634 Diibnerianem
1177 2571 1325 2654 praeiere.
1349 2570 1435 2650 Quid

315 2702 421 2760 autem
451 2696 501 2776 ἐφ’
533 2692 612 2776 ὕβρει
641 2694 700 2759 eibi
722 2694 815 2759 vult?
838 2694 998 2758 Nimirum
1020 2693 1101 2784 nihil
1124 2694 1210 2759 aliud
1233 2717 1344 2778 quam:
1367 2702 1435 2773 „ut

314 2841 382 2884 eam
412 2819 564 2885 violaret''
595 2821 679 2904 qnod
710 2820 770 2883 iam
801 2819 987 2903 exprimitur
1017 2819 1101 2884 hisee
1134 2818 1250 2883 verbio:
1274 2822 1342 2899 „cic
1364 2817 1433 2894 ἕξων

315 2943 364 3008 διὰ
388 2943 519 3016 ννκτῦς.”
543 2943 759 3029 Rejiciendnm
783 2944 881 3028 igitur
900 2949 978 3030 puto
999 2944 1083 3027 quod
1103 2943 1433 3030 Reiekiuspropoeuit,

314 3091 354 3133 nc
385 3068 433 3132 bis
463 3068 545 3133 idem
576 3069 608 3132 iu
632 3069 737 3134 eadem
763 3069 918 3134 sententia
940 3067 1075 3133 dicetur.
1098 3067 1208 3133 Lectio
1231 3067 1433 3133 Diibnerieua

314 3216 438 3258 sensum
470 3191 597 3278 praebet
620 3194 782 3259 idoneum:
807 3192 886 3276 ὕβρει
911 3193 932 3259 i.
957 3217 983 3258 c.
1008 3194 1188 3274 ὑβριστικῶς,
1212 3193 1307 3279 paulo
1330 3215 1445 3278 euper·‚

314 3317 395 3400 bina,
419 3319 494 3383 satis
516 3340 571 3403 pro
594 3318 735 3404 imperio.

358 3599 388 3661 p.
414 3575 488 3642 557.
512 3576 548 3640 Ε.
573 3576 671 3648 δείσοις
694 3578 752 3655 ἐγὼ
776 3575 819 3655 μὲι
843 3575 934 3641 aotam
957 3573 992 3650 ἐξ
1013 3579 1153 3655 ὕτοιρχῆς
1171 3574 1315 3657 {aarum
1334 3575 1432 3640 τελείο-

314 3724 367 3774 νοις
390 3699 441 3765 aa}
465 3699 602 3782 μεῦζονοος
625 3700 808 3774 arcolae.
833 3700 907 3764 Non
930 3698 1095 3764 verebatur
1117 3723 1158 3764 ne
1177 3700 1329 3764 stultitias
1348 3699 1431 3764 ctTo-

314 3826 390 3900 Πίιις
413 3826 575 3911 proferret,
596 3825 649 3890 sed
669 3848 707 3890 ne
726 3847 821 3890 novas
840 3826 1038 3910 quaestiones
1057 3825 1234 3898 οὶΠοΡίιις
1252 3825 1431 3890 adduceret.

358 4107 388 4172 p.
415 4087 487 4150 557.
511 4083 546 4148 F.
570 4085 677 4165 ἠρόμην
699 4084 798 4149 οιῦτόν·
822 4079 898 4157 Εἶεν,
922 4082 1007 4166 ἔφην.
1032 4088 1133 4150 τοιῦτοι
1155 4084 1212 4167 γὰρ
1232 4083 1334 4149 τῦντοι
1352 4084 1429 4158 ὕλη-
