3388 5050
870 449 917 508 26

381 672 412 734 p.
446 651 519 713 585.
550 651 587 714 Ε.
619 648 680 715 ἔστι
711 651 768 732 γάρ
798 675 827 716 τι
849 653 1000 731 γενόμενον
1024 655 1082 737 ὢίᾳ
1105 655 1168 736 περὶ
1191 656 1247 737 τάς
1270 659 1376 738 τοιΦάς
1397 663 1454 722 τῶν

338 773 539 853 Πυθαγορικῶν
561 771 644 851 ὅσιον,
668 769 700 838 οὗ
723 776 765 850 μὴ
789 776 941 855 τυχόντες,
966 780 1004 842 οὐ
1026 780 1213 858 δοκοῦμεν
1236 782 1403 862 ἀπέχειν
1421 784 1453 847 τὸ

337 899 518 978 μοικυριττὸν
552 898 604 963 acl
638 899 737 963 οἰκεῖον
766 900 857 973 τέλος.
889 901 1066 967 Absurdum
1099 911 1145 967 est
1167 904 1312 985 ἀπέχειν;
1339 905 1453 989 quibus

337 1023 529 1086 caerimoniis
564 1022 589 1086 si
624 1046 763 1087 caremus
797 1048 861 1088 non
897 1034 1046 1111 putamus
1076 1026 1202 1092 beatum
1234 1040 1265 1094 et
1295 1032 1454 1117 proprium

336 1146 429 1210 finem
453 1146 576 1210 abesse!
597 1169 677 1230 quae
700 1147 792 1213 verba
817 1158 921 1214 essent
943 1150 1018 1214 ebrii
1045 1151 1195 1216 hominis:
1219 1155 1336 1239 quippe
1355 1175 1452 1238 quum

336 1270 442 1334 nullus
462 1293 571 1335 seusus
590 1271 674 1337 insit.
697 1272 881 1356 Requiritur
900 1276 981 1338 enim
1002 1276 1089 1340 notio
1102 1276 1245 1355 habendi,
1258 1279 1453 1362 assequendi.

336 1393 437 1472 Quam
463 1401 500 1458 ut
522 1397 746 1476 nanciscamur,
771 1399 857 1480 gravi
882 1400 1054 1464 mutatione
1075 1422 1134 1464 nou
1156 1424 1234 1487 opus
1253 1409 1310 1466 est.
1325 1402 1453 1466 sienim

334 1519 643 1584 animadverterimus
665 1521 697 1584 in
720 1522 884 1606 participio
902 1519 934 1586 οὗ
953 1524 995 1601 μὴ
1015 1523 1156 1603 τυχόντες
1176 1526 1275 1589 inesse
1294 1527 1478 1590 notionem.

336 1641 533 1722 condicionis,
558 1665 620 1706 non
644 1643 867 1723 dubitabimus,
890 1646 991 1726 credo,
1014 1669 1070 1732 pro

468 1792 499 1854 οὗ
523 1792 710 1869 δοκοῦμεν
732 1794 902 1873 ἀπέχειν
924 1797 957 1860 τὸ
982 1799 1161 1877 μοικονριττὸν
1184 1797 1266 1870 τέλος

335 1927 497 1990 restituere
508 1953 514 1991 ι

466 2064 496 2126 οὐ
519 2064 707 2142 δοκοῑμεν
729 2064 773 2129 ἀν
797 2064 905 2145 ἔχειν
926 2069 959 2131 τὸ
981 2069 1162 2148 μοικοιριοτὸν
1185 2068 1276 2140 τέλος.

377 2312 407 2374 p.
435 2291 507 2352 593.
532 2287 566 2352 C.
592 2288 738 2353 Notanda
763 2290 906 2353 inaudita
929 2291 1026 2354 forma
1045 2292 1125 2366 ἱερεῖς
1145 2313 1200 2376 pro
1217 2291 1307 2371 ἱερέοις
1326 2299 1357 2355 et
1379 2294 1452 2357 594.

333 2413 371 2476 D.
396 2412 502 2493 τάχιον
525 2437 580 2498 pro
603 2416 707 2478 θάπτον
730 2415 779 2478 rel
800 2416 912 2479 θάττον.
934 2414 973 2479 Iu
995 2417 1100 2479 eadem
1122 2417 1235 2501 pagiua
1250 2417 1288 2478 A.
1303 2415 1452 2500 legimus:

332 2537 378 2600 Ut
395 2538 540 2619 Φίλιππος
560 2538 630 2618 ἀνὴρ
650 2561 712 2602 non
733 2561 839 2602 omnes
851 2561 947 2622 equos
967 2541 1023 2602 ὑπ’
1044 2541 1136 2604 αὐτὸ
1155 2541 1195 2604 τὸ
1215 2538 1325 2617 γένος
1344 2540 1450 2603 eodem

331 2682 434 2724 amore
457 2659 625 2744 eademque
648 2683 723 2725 cura
745 2663 954 2746 prosequitur,
975 2662 1028 2726 sed
1047 2685 1167 2747 semper
1187 2683 1286 2725 nuum
1307 2662 1452 2726 omnibus

273 2866 277 2872 Ι
331 2789 442 2850 ceteris
466 2787 599 2871 praefert
622 2793 653 2850 et
676 2809 869 2872 summopere
892 2787 1007 2870 diligit,
1031 2788 1073 2851 sic
1096 2788 1190 2851 etiam
1213 2787 1257 2850 dii
1281 2787 1449 2851 nonnullos

332 2918 473 2974 nostrum
506 2933 620 2993 eosque
650 2912 783 2995 optimos
815 2934 917 2974 amore
950 2911 1099 2995 peculiari
1130 2934 1186 2974 suo
1217 2919 1452 2995 prosequuntur

331 3043 509 3120 teguntque
539 3059 594 3100 nos
616 3059 677 3100 non
703 3036 797 3099 frenis
820 3058 921 3120 neque
940 3035 1067 3099 habenis
1090 3037 1143 3100 sed
1167 3035 1267 3099 verbis
1292 3042 1324 3098 et
1347 3057 1453 3099 oracu-

331 3162 380 3226 lis.
402 3160 486 3240 Quid
506 3161 563 3224 sibi
584 3162 660 3225 velit
678 3158 784 3233 ἵππους
803 3163 854 3224 ὑπ’
873 3162 946 3226 οιὺτὸ
966 3163 999 3224 τὸ
1018 3160 1100 3238 γένος
1119 3159 1296 3244 intelligere
1316 3183 1450 3244 nequeo.

333 3285 474 3349 Fortasse
505 3286 538 3349 iu
570 3287 650 3350 ὑποιυ
680 3286 759 3349 latet
789 3283 885 3358 ἵππος.
911 3287 947 3349 In
972 3285 1145 3368 praesentia
1171 3285 1263 3348 aliam
1287 3285 1450 3349 lectionem

333 3412 472 3474 invenire
495 3432 616 3494 nequeo
638 3410 699 3474 nisi
722 3411 772 3473 ὑπ’
797 3412 886 3474 αὐτοῦ
911 3409 1102 3491 τρεφομένων.

377 3654 407 3716 p.
440 3635 513 3696 593.
546 3630 580 3695 F.
611 3631 699 3704 Ἥτις
723 3633 748 3696 δ’
772 3631 809 3695 ἀν
831 3630 885 3704 >lla
911 3630 959 3694 διά
982 3629 1086 3710 μυρίων
1109 3629 1247 3707 γενέσεων
1269 3629 1451 3706 ἠγωνισμένη

334 3756 461 3838 μακροὺς
484 3758 613 3834 ἀγῶνοις,
637 3750 669 3819 εὖ
689 3755 740 3820 nal
759 3755 912 3836 προθύμως
932 3754 1043 3834 ψυχῖι
1063 3762 1116 3827 τῆς
1136 3753 1260 3834 reprobos
1280 3759 1353 3818 cett.
1367 3755 1452 3817 Haec

334 3883 437 3945 omnia
469 3903 567 3964 usque
598 3881 636 3945 ad
659 3879 810 3955 ποοθύμως
833 3880 990 3964 pertinent
1012 3879 1050 3942 ad
1073 3879 1170 3958 ψυχή.
1198 3879 1278 3959 Quis
1301 3900 1372 3941 vero
1397 3900 1453 3941 un·

334 4028 427 4090 quam
450 4006 545 4069 talem
566 4003 728 4069 verborum
750 4005 1009 4069 constructionem
1031 4003 1130 4067 vidit?
1149 4002 1261 4067 Divisa
1274 4000 1452 4084 suntwverba

335 4135 419 4194 arcte
444 4128 630 4193 coniuncta:
654 4128 920 4213 transponendum
945 4134 992 4190 est
1014 4126 1123 4206 dextr
1145 4132 1234 4211 post
1256 4123 1353 4200 ἥτις.
