3388 5050
865 450 908 538 ic

323 684 412 768 regni
444 689 476 748 et
506 684 619 749 deinde
651 684 809 769 adoptare,
834 707 940 749 verum
963 687 1039 751 ordo
1062 685 1263 750 consiliorum
1286 685 1337 749 hic
1360 690 1443 748 eret:

323 858 344 886 „
356 815 486 873 matrem
509 808 595 872 Batti
615 808 738 873 volebat
758 831 885 874 uxorem
904 809 1027 889 ducere,
1047 810 1160 875 deinde
1181 809 1329 894 adoptare
1341 812 1444 894 ipsum

323 934 453 999 Battum
484 941 516 999 et
545 940 701 1020 postremo
732 957 804 998 eum
829 935 1011 1020 participem
1033 935 1161 999 reddere
1184 934 1325 1020 imperii:
1349 956 1443 1017 quam

322 1058 363 1124 ob
387 1082 451 1123 rem
473 1082 592 1140 censeo,
618 1082 681 1125 una
703 1059 832 1124 literule
856 1066 986 1140 mutata,
1009 1059 1177 1144 legendum
1200 1081 1283 1123 esse:
1307 1059 1359 1122 rat
1383 1082 1441 1123 κοι-

323 1185 409 1250 νωνὸν
431 1181 644 1258 οὶτοδέῖξοον
667 1190 721 1258 τῆς
744 1183 849 1264 ἆρχῆς.

365 1512 396 1576 p.
422 1492 496 1554 325.
521 1490 560 1554 Ι).
584 1490 735 1575 Rupimur
758 1491 791 1554 in
815 1491 933 1556 medies
956 1512 1021 1554 res:
1045 1488 1231 1554 describitur
1250 1487 1369 1553 obsidio
1389 1487 1445 1552 Go-

321 1615 427 1701 pitolii
450 1638 477 1678 a.
503 1617 566 1679 389
590 1640 617 1680 a.
642 1615 714 1681 Chr.
738 1638 769 1679 n.
793 1639 812 1679 a
836 1615 945 1680 Gallis.
967 1616 1110 1689 Anseres,
1129 1621 1166 1678 ut
1185 1620 1276 1678 vetus
1295 1613 1444 1691 iamamt,

322 1738 513 1825 Capitolium
547 1746 763 1804 serraverunt:
799 1739 888 1822 Φύσει
924 1737 978 1817 μὲν
1011 1740 1044 1804 τδ
1074 1738 1145 1819 ζῷον
1177 1737 1362 1819 εὐθορύβητον
1393 1738 1444 1803 κυνὶ

323 1863 480 1943 ψοφοδεές·
508 1863 576 1928 τότε
596 1864 637 1937 δὲ,
662 1868 795 1928 συντόνου
818 1861 882 1943 περὶ
908 1863 973 1935 τοὺς
996 1861 1073 1928 ἔνδον
1098 1861 1188 1937 οὔσης
1209 1864 1342 1942 ineptae,
1367 1863 1445 1940 οἱμε-

323 1986 469 2065 roipert
502 1989 607 2060 αὐτῶν,
642 1987 751 2059 λεπτὸς
785 1981 825 2060 ἦν
855 1985 907 2051 κυνὶ
936 1987 1067 2064 λιμώδης
1098 1987 1111 2050 ὁ
1143 1983 1239 2060 ὕπνος,
1266 1983 1341 2050 ὥστε
1362 1985 1445 2058 εὐθὺς

322 2113 483 2193 ᾔσθοντο
513 2116 570 2175 τῶν
599 2113 744 2188 πολεμίων
768 2110 988 2194 ὑπερφανέντων
1012 2119 1066 2186 τῆς
1088 2112 1251 2193 στεφάνης,
1277 2111 1326 2175 καὶ
1349 2134 1445 2175 κοτυ-

320 2236 447 2313 cotom
471 2238 585 2315 ἰταμῶς
607 2235 915 2318 τροςεφέροντο,
939 2236 991 2302 κον)
1014 2246 1051 2318 τῇ
1074 2242 1130 2301 τῶν
1152 2235 1249 2301 ὅπλων
1272 2236 1338 2316 ὄψει
1362 2241 1444 2316 μυλ-

320 2376 369 2425 λον
396 2361 648 2442 ἐκταραττόμενον,
672 2369 812 2440 κλαγγῆς
837 2361 965 2443 διυτδρου
987 2361 1041 2427 κυνὶ
1064 2363 1207 2445 τρυχενόος
1231 2361 1427 2436 ἕνετεντλή

319 2508 438 2549 κεσοον
462 2486 510 2550 τὸν
533 2485 629 2550 τόσον.
653 2485 697 2550 Ut
720 2486 871 2565 videmus,
895 2486 929 2550 in
948 2492 1014 2550 tota
1035 2486 1092 2550 hac
1108 2486 1285 2550 narratione
1297 2487 1442 2565 occurrit,

320 2615 358 2672 ut
386 2632 443 2694 par
473 2617 531 2687 cst,
564 2611 713 2674 aoristus:
745 2633 807 2695 qua
837 2612 876 2676 de
899 2634 992 2676 censa
1013 2611 1117 2676 subito
1135 2611 1188 2676 hic
1210 2611 1339 2676 offendit
1362 2611 1445 2698 plus-

318 2735 612 2820 quamperfectum?
634 2734 819 2819 Lugendum
838 2736 937 2821 igitur
958 2758 1081 2802 censeo:
1102 2735 1277 2810 ἕνὲτλνσυν,
1299 2737 1445 2820 quomed-

316 2857 444 2923 modum
467 2859 585 2943 legitur
609 2859 737 2940 ᾔσθοντο.

362 3190 392 3252 p.
425 3169 498 3233 761.
531 3169 570 3232 A.
604 3165 683 3246 Quis
714 3165 762 3230 rel
795 3165 990 3231 mediocriter
1022 3173 1161 3231 versatus
1185 3167 1218 3230 iu
1242 3167 1358 3250 linguis
1384 3188 1464 3234 mo-.

317 3291 464 3375 cibusque
487 3292 626 3374 antiquis
651 3290 815 3357 mirabitur
838 3292 870 3355 in
897 3290 1021 3368 „Libro
1046 3291 1227 3355 Amatorio''
1246 3313 1371 3377 quoque
1391 3292 1444 3377 agi

318 3414 382 3496 περὶ
411 3422 464 3490 τῆς
495 3416 731 3496 τοιδεροοστίοοςῖ
763 3414 966 3479 Cleomachus
995 3420 1159 3500 postquem
1183 3415 1332 3479 amasium
1357 3438 1447 3500 rogo·

319 3549 406 3606 verat
435 3548 631 3627 spectatornc
662 3540 756 3605 vellet
787 3565 851 3605 esse
883 3541 1061 3605 certaminis
1091 3541 1210 3623 (contra
1233 3540 1446 3624 Eretrienses),

320 3668 433 3732 iuvene
459 3666 682 3745 consentiente,
706 3665 829 3730 fortiter
848 3664 1019 3751 pugnando
1038 3664 1170 3729 occidit:
1190 3663 1287 3745 τοὶφον
1307 3665 1333 3729 δ’
1353 3665 1443 3729 αὐτοῦ

321 3791 491 3857 δεικνύουσιν
514 3792 543 3855 ἐν
566 3793 660 3874 ἀγορᾷ
684 3791 834 3866 Χολνυδῆς
853 3792 903 3872 ἐφ’
929 3785 961 3854 οὗ
980 3789 1071 3870 μέχρι
1091 3794 1140 3854 νῦν
1160 3788 1286 3869 ὁμὲγονς
1297 3788 1447 3871 ἐφέστηκε

320 3917 397 3982 κίων·
426 3915 478 3981 κυνὶ
509 3918 541 3982 τὸ
572 3917 778 3998 πυνδερυστεῖν
809 3914 939 3997 πρότερον
971 3915 1000 3978 ἐν
1032 3912 1117 3994 ψόγῳ
1142 3913 1223 3978 reti
1230 3936 1357 3991 μενοι,
1381 3914 1448 3977 τότε

321 4047 439 4120 μᾶλλον
469 4041 568 4123 ἑτέρων
599 4040 761 4120 ἦνοέτνσονν
792 4040 843 4104 κυνὶ
877 4039 1030 4117 ἐτίμνσονν.
1066 4037 1250 4122 Requiritur
1273 4039 1446 4103 necessario

322 4165 491 4244 θέμενονε
520 4173 683 4251 postquam
705 4172 828 4230 antee
847 4186 1016 4258 puerorum
1036 4185 1171 4230 amorem
1191 4163 1448 4251 vituperave-
