3388 5050
877 497 918 558 82

381 706 427 770 Ea
449 712 555 770 autem
577 706 610 770 iu
632 712 773 770 nostrum
798 704 958 770 Plutarchi
984 705 1087 769 locum
1107 704 1230 794 egregie
1253 707 1457 772 conveniunt.

339 831 595 913 „Quaestioues”
618 832 699 895 enim
724 830 1030 917 „philosophorum”
1054 830 1100 893 ait
1124 829 1168 893 ita
1191 828 1317 892 demum
1337 829 1368 892 in
1389 851 1459 893 eon·

338 957 427 1021 viriis
449 958 550 1021 locum
577 956 693 1020 habent
712 956 738 1019 si
757 955 796 1018 ad
813 955 995 1020 solvendum
1015 976 1077 1017 nou
1097 954 1191 1017 nimis
1209 951 1349 1017 difficiles
1373 958 1456 1034 sunt,

340 1080 395 1146 sed
418 1082 497 1148 tales
520 1089 558 1145 ut
581 1082 778 1146 convivarum
804 1082 917 1165 cuique
937 1081 1110 1145 eommunia
1130 1080 1171 1144 ait
1190 1100 1289 1144 sermo
1300 1105 1309 1157 ρ
1328 1079 1375 1144 sin
1389 1100 1460 1143 vero

339 1207 454 1292 aliquis
484 1206 688 1292 philosophus
712 1207 817 1291 inepte
840 1206 916 1270 talia
940 1205 1087 1292 proponit
1110 1227 1188 1288 quae
1212 1204 1275 1268 fere
1297 1225 1389 1268 nemo
1412 1204 1457 1267 in·

339 1332 478 1416 tellegat,
503 1354 567 1396 non
597 1332 757 1396 dissimilis
781 1337 828 1396 est
851 1332 937 1416 gruis
960 1332 1035 1417 lupo
1059 1331 1165 1416 epulas
1188 1331 1373 1416 praebentis,
1398 1352 1459 1394 ree·

339 1465 434 1540 teque
457 1456 490 1520 in
513 1479 583 1520 enm
608 1456 669 1520 diei
695 1462 813 1541 potest:
838 1457 869 1520 ri
889 1461 974 1521 τοῦτο
997 1457 1065 1537 πρὸς
1089 1455 1241 1531 Δνόννοονς

383 1579 443 1645 His
475 1582 575 1666 igitur
605 1587 750 1646 accurate
781 1581 940 1666 perpensis
970 1580 1027 1645 hoo
1059 1603 1107 1645 me
1128 1581 1233 1666 judice
1257 1602 1320 1645 nou
1343 1586 1459 1658 temere

339 1712 476 1771 statuere
498 1707 595 1791 possis
618 1706 721 1770 locum
743 1703 935 1770 Lucianeum
958 1712 990 1769 et
1010 1704 1229 1770 Plutarehenm
1243 1706 1368 1771 sibimet
1380 1705 1458 1770 iuvi·

341 1851 407 1893 eem
437 1829 521 1894 haud
551 1829 759 1915 spernendum
791 1827 964 1893 subsidium
994 1828 1150 1914 praebere,
1173 1829 1456 1916 improbandosque

341 1976 405 2018 esee
429 1976 481 2019 eos
504 1954 560 2038 qui
583 1953 713 2034 κυριεύων
736 1954 768 2017 iu
792 1953 938 2035 κερατίνην
963 1954 1086 2039 aliaque
1110 1955 1311 2019 mutaverint.

385 2223 416 2287 p.
454 2204 527 2265 624.
559 2201 595 2266 B.
627 2202 806 2267 Narrantnr
836 2202 1008 2268 Alexandri
1038 2203 1142 2287 magni
1172 2225 1272 2268 cunae
1302 2203 1341 2266 de
1371 2203 1457 2267 ooelo

341 2332 444 2389 tactae
474 2349 555 2404 esse3
584 2327 650 2412 ipse
681 2349 753 2391 vero
777 2328 898 2411 integer
925 2328 1038 2392 mansit
1060 2328 1139 2402 antra
1161 2326 1225 2393 ὅσον
1248 2326 1330 2407 ἴχνος
1354 2352 1382 2392 rr
1407 2333 1458 2392 τοῦ

340 2450 426 2530 καρὸς
449 2451 477 2514 ε’ν
500 2451 540 2530 τῷ
563 2452 699 2530 μετώπῳ,
724 2452 973 2534 κρατουμένῳ
997 2452 1051 2517 ὑπὸ
1074 2459 1128 2526 τῆς
1151 2451 1245 2530 κόμης
1265 2451 1359 2530 μένειν
1379 2452 1458 2532 αὐτῷ

340 2573 431 2638 rarat.
458 2573 631 2660 Oportebat
654 2574 840 2640 Diibnerum
864 2577 1000 2662 recipere
1023 2575 1269 2640 emendationem
1290 2575 1458 2656 Meairiaei,

338 2722 476 2766 summae
499 2701 677 2785 sagacitatis
701 2703 759 2766 viri
779 2709 811 2765 et
831 2702 900 2765 aliis
920 2724 1046 2786 qnoque
1067 2701 1249 2767 vulneribus
1262 2723 1351 2786 opem
1364 2701 1461 2765 seren·

338 2824 389 2889 tis.
414 2825 447 2888 Is
469 2824 552 2889 enim
574 2826 752 2912 proposuit:
777 2826 1030 2908 κεκρυμμένῳ
1051 2848 1132 2910 quae
1147 2826 1250 2905 lectio,
1271 2832 1310 2889 ut·
1326 2848 1381 2910 par
1400 2832 1457 2903 est,

339 2972 357 3014 a
380 2948 623 3033 Wyttenbaehio
646 2950 804 3016 laudatur.

385 3220 415 3284 p.
448 3200 523 3262 628.
555 3197 593 3262 D.
626 3197 741 3272 Ποὲντες
764 3192 811 3262 οὖν
833 3198 954 3276 ὁμαλῶς
976 3198 1116 3280 ἐρρύησαν
1139 3198 1207 3278 πρὸς
1230 3198 1262 3262 τὸ
1285 3197 1338 3270 τὴν
1361 3195 1459 3278 Φνλίρν

340 3323 543 3406 ἕνκαμνοέζενν,
574 3323 601 3389 εἲ
630 3350 658 3390 rr
689 3326 778 3390 καλὸν
809 3325 877 3406 πρὸς
909 3324 996 3400 δόξαν
1019 3326 1096 3405 αὐτῇ
1120 3323 1250 3405 ὑπῆρχεν
1272 3321 1459 3400 ἀναλεγό-

342 3472 459 3528 μενον.
495 3449 612 3514 Omnes
643 3449 878 3514 consentiebant
908 3449 941 3512 in
973 3448 1121 3514 laudibus
1151 3447 1253 3512 tribus
1285 3447 1460 3522 Aiantidos,

342 3581 558 3638 enumerantes
580 3575 606 3638 ai
630 3575 707 3658 quid
731 3574 860 3638 honeste
883 3573 999 3638 facturn
1024 3574 1063 3638 iis
1086 3572 1300 3658 suppeditaret
1318 3574 1403 3657 quod
1422 3573 1460 3636 ad

343 3698 411 3763 eius
441 3698 553 3764 famam
584 3699 763 3784 pertineret.
795 3697 1045 3763 Enumerare
1069 3697 1200 3762 alieuius
1223 3697 1305 3761 faeta
1329 3696 1460 3761 honesta

342 3830 475 3906 nonest
496 3823 694 3902 ἀναλέγεσθαι
715 3845 823 3888 rerum
846 3822 1070 3900 οὶναλέρνενν.
1097 3821 1198 3886 Causa
1218 3821 1308 3886 nulla
1328 3828 1385 3900 est,
1405 3843 1460 3886 our

343 3947 394 4016 hie
416 3948 513 4013 forma
536 3948 662 4013 mediali
686 3955 828 4013 uteretur
852 3955 966 4012 noster.

387 4215 418 4280 p.
450 4195 524 4258 630.
549 4193 589 4257 Ι).
611 4192 670 4259 ὅθεν
693 4190 800 4268 ἥκιστα
823 4191 887 4273 περὶ
909 4192 1016 4258 τούτων
1038 4193 1063 4258 οἱ
1085 4191 1209 4276 Φθονεροὶ
1232 4191 1284 4258 καὶ
1309 4193 1458 4268 κακοήθεις
