3388 5050
782 526 823 599 13

248 740 285 812 τῇ
317 729 462 812 ίαλάττρ.
498 731 565 796 Iam
590 732 624 796 in
647 732 713 817 ipso
736 730 829 796 verbo
854 732 1017 796 ὑποκεῖσθαι
1040 731 1123 795 inest
1146 733 1179 797 τὸ
1204 733 1371 796 ταπεινότε-

247 880 301 937 ρον,
324 879 419 941 quam
442 856 481 921 ob
505 880 573 921 rem
598 859 703 922 statim
728 856 972 945 expungendum
994 879 1114 935 censeo,
1137 855 1269 940 ideoque
1289 857 1374 920 unci-

249 982 299 1045 nis
322 981 448 1046 inclusi.

294 1130 324 1192 p.
350 1110 424 1170 260.
449 1109 488 1172 A.
512 1107 552 1171 In
574 1107 694 1173 excidio
717 1107 896 1172 Thebarum
920 1107 1076 1173 Timoclea
1095 1109 1218 1194 capitur
1237 1131 1255 1171 a
1273 1108 1374 1172 milite

250 1231 341 1296 cuius
360 1230 566 1296 insolentibus
586 1232 678 1296 minis
697 1231 773 1296 baeu
785 1233 970 1317 respondet:
983 1235 1097 1314 ὤφελον
1109 1233 1164 1312 μὲν
1175 1232 1309 1298 τείνάναι
1321 1233 1373 1313 πρὸ

250 1355 363 1429 ταιίτνς
383 1357 440 1434 ε’γίι
460 1362 514 1429 τῆς
525 1357 636 1430 νυκτὸς,
649 1354 666 1429 ἢ
679 1355 699 1436 ζ
706 1362 723 1429 ἦ
732 1381 764 1430 ν,
777 1355 860 1430 οίιὶἢ
873 1356 927 1437 ζῆν
941 1358 1140 1422 manifestum
1153 1357 1306 1421 emblema
1318 1363 1375 1422 est.

250 1479 374 1544 Deinde
397 1503 434 1543 ea
456 1501 537 1563 quae
559 1479 665 1544 statim
688 1485 883 1563 sequuntur:
907 1481 940 1546 τὸ
959 1485 1030 1558 γοῦν
1050 1484 1140 1558 σῶμα
1151 1480 1376 1545 πάντωνάπολ·

251 1604 382 1683 λνμένοιν
407 1605 562 1685 ἀπείρατον
586 1601 694 1684 ὕβρεως
717 1602 886 1686 διεφύλαξα
907 1606 1019 1669 vitium
1038 1612 1279 1669 contraxerunt:
1298 1605 1377 1669 desi·

251 1730 326 1793 dero
363 1728 446 1793 euim
480 1727 665 1812 particulam
696 1727 740 1792 ἀν
771 1735 842 1815 post
872 1726 988 1810 ὕβρεως.
1023 1729 1173 1810 Quamuis
1205 1731 1288 1793 enim
1313 1751 1377 1793 non

254 1852 369 1917 diserte
402 1858 546 1916 narretur
579 1853 767 1917 Timocleam
801 1853 946 1917 violatam
976 1877 1051 1932 esse,
1086 1861 1191 1918 tamen
1221 1853 1280 1918 hoo
1302 1853 1377 1918 satis

255 1985 384 2065 apparet
419 2001 457 2043 ex
490 1978 693 2063 praecedente
727 1977 825 2042 ἐκάλει
855 1977 1167 2056 συναναπαυσομένην,
1200 2001 1237 2042 ex
1266 1977 1377 2041 militis

257 2104 360 2181 minis,
386 2125 418 2168 se
452 2125 519 2167 eam
552 2103 616 2168 διά
646 2105 792 2174 παντὸς
824 2104 930 2167 uxoris
950 2103 1018 2168 loco
1042 2103 1222 2168 habiturum
1247 2126 1322 2180 esse,
1346 2109 1379 2166 et

256 2230 354 2314 magis
389 2229 483 2293 etiam
518 2251 557 2292 ex
586 2228 687 2292 uerbis
717 2228 941 2312 sequentibus:
971 2229 1186 2310 πεπραγμένων
1217 2230 1249 2295 δὲ
1279 2227 1378 2302 οὕτως,

255 2354 361 2438 inquit
382 2354 549 2434 Timuclea,
572 2354 594 2419 i.
618 2377 645 2418 e.
669 2353 723 2418 scd
745 2377 846 2439 quum
867 2377 916 2419 res
935 2353 980 2418 ita
999 2355 1136 2436 verterit,
1149 2354 1177 2420 εί
1185 2380 1219 2419 σε
1230 2355 1379 2434 κηδεμόνα

256 2477 308 2544 καί
332 2480 475 2552 δεσπότην
498 2477 550 2543 καί
573 2475 664 2564 ἀνδρα
687 2479 735 2542 δεῖ
754 2478 887 2559 νομίζειν,
912 2481 964 2543 σιἰιι
982 2479 1169 2560 ἀποστερήσω
1191 2503 1225 2543 σε
1243 2484 1300 2543 τῶν
1312 2484 1377 2542 σῶν.

256 2603 388 2681 ἐμαυτὴν
417 2603 475 2684 γὰρ
507 2601 549 2667 ὅτι
580 2603 711 2683 βουλήσει
742 2605 792 2684 ὁρῶ
821 2603 1031 2682 γεγενημένην,
1063 2604 1147 2687 quud
1178 2605 1378 2690 participium

258 2729 453 2793 commendat
476 2727 590 2792 addere
612 2729 797 2813 particulam
821 2727 867 2792 ἀν.

303 2875 332 2938 p.
358 2856 432 2919 638.
456 2853 492 2916 Β.
516 2854 666 2931 εἱστιῶμεν
688 2856 735 2917 τά
757 2853 929 2918 ἐπινίκια
953 2853 1007 2917 ubi
1026 2853 1203 2938 elegantius
1222 2863 1303 2919 esset
1318 2878 1383 2918 ver-

259 2979 306 3042 bis
333 2977 457 3042 duobus
487 3000 541 3063 per
570 2978 670 3042 crasin
700 2979 876 3043 coniunctis
905 2979 1117 3043 τάπινίκια
1148 2986 1181 3042 et
1203 2980 1216 3043 ὁ
1241 2987 1382 3052 πλεῖστος

259 3102 345 3181 λόγος
377 3096 410 3176 ἦν
432 3102 495 3183 περὶ
517 3105 574 3166 τῶν
597 3106 773 3167 παλαιστῶν
796 3101 851 3165 ubi
873 3102 1041 3186 legendum
1065 3109 1205 3175 πλεῖστος
1229 3098 1262 3175 ἦν
1285 3102 1381 3181 λόγος,

259 3227 371 3292 omisso
393 3227 526 3291 articulo
549 3227 601 3291 cui
624 3227 736 3291 nullus
760 3227 847 3291 locus
869 3235 926 3292 est.

305 3376 335 3438 p.
361 3355 435 3417 856.
459 3352 496 3415 E.
520 3351 699 3416 Herodotus
721 3360 827 3416 narrat
850 3355 882 3417 τὸ
901 3353 1060 3417 κοίλλιστον
1079 3349 1158 3432 ἔργον
1176 3352 1229 3417 καί
1242 3352 1382 3431 μέγιστον

261 3487 315 3553 τῆς
338 3478 485 3551 Ἐλλοίδος
508 3479 668 3562 ἀβελτερίᾳ
686 3480 734 3544 τὸν
754 3479 881 3559 Τρωϊκὸν
899 3479 1028 3557 πόλεμον
1048 3479 1180 3558 γενέσθαι
1193 3479 1241 3544 bid
1252 3453 1384 3558 γοναίιια

262 3603 393 3685 Φαύλνν.
420 3602 552 3668 Potesne
575 3603 694 3688 aliquid
718 3604 849 3669 stultius
872 3604 1036 3668 eminisci?
1054 3605 1151 3669 Modo
1171 3610 1290 3668 mutata
1312 3627 1385 3669 voce

263 3729 374 3792 recites
397 3729 472 3792 haec
495 3728 673 3794 cerbaria
697 3730 869 3810 Τρωϊκὸν
892 3728 1066 3808 πόλεμον
1091 3738 1122 3794 et
1146 3731 1251 3794 statim
1274 3729 1382 3794 audies

263 3853 419 3918 insulsum
451 3851 696 3918 additamentum
728 3877 803 3917 esse.
835 3855 942 3917 Primo
973 3853 1034 3917 iem
1065 3855 1131 3938 ipse
1161 3854 1249 3918 locus
1274 3855 1384 3917 borum

263 3978 360 4041 trium
385 3976 548 4042 verborum
571 3977 691 4042 iudicat
709 3976 862 4041 emblema
881 4001 946 4042 esse
963 3985 995 4041 et
1016 3977 1127 4042 deinde
1144 3977 1285 4041 noudum
1296 3976 1388 4041 obliti

265 4125 373 4168 snmus
391 4102 631 4188 pulcherrimam
653 4103 880 4186 maximamque
900 4101 1046 4167 Graeciae
1059 4103 1285 4187 expeditionem
1298 4124 1387 4187 prop

265 4236 313 4293 ter
335 4230 561 4308 „teterrimum
586 4230 746 4293 cnnnnm”
766 4235 941 4311 susceptam
959 4226 1054 4291 fuisse
1073 4226 1192 4291 bellum
1204 4227 1385 4292 Troianum.
