3388 5050
384 707 415 769 p.
441 688 515 749 525.
541 686 578 750 A.
604 684 735 750 Editur:

562 836 630 915 παρ’
654 834 719 912 ἐμοὶ
744 833 801 915 γάρ
823 836 899 898 ἐστιν
924 833 1010 908 ἔνδον,
1037 831 1147 908 ἔξεστιν
1171 833 1202 898 δέ
1225 858 1274 912 μα

563 958 615 1023 καὶ
637 958 785 1037 βούλομαι
807 959 886 1023 τοῦτ’

340 1109 378 1179 ὡς
401 1107 437 1170 ἂν
460 1107 679 1186 ἐμμανέστατα
701 1110 767 1189 ἐρῶν
790 1132 834 1180 τις

938 1235 969 1299 σύ
994 1238 1062 1298 ταῶ
1086 1233 1128 1298 δέ·

384 1381 424 1444 In
452 1380 533 1446 Nor.
557 1382 644 1447 Lect.
669 1405 699 1467 p.
725 1386 766 1446 42
791 1381 866 1448 Cob.
891 1383 1056 1446 coustituit
1080 1405 1202 1447 versum
1225 1382 1398 1467 genuinum
1423 1388 1460 1446 ut

340 1530 358 1570 a
381 1507 553 1573 Menandro
577 1509 711 1594 scriptus
737 1515 802 1572 cst:

560 1656 609 1721 καὶ
634 1655 782 1735 βούλομαι
805 1657 881 1721 ταῦθ’
906 1658 943 1728 ὥς
965 1655 1002 1720 ἂν
1024 1655 1242 1734 ἐμμανέστατα

561 1783 626 1862 ἐρῶν
649 1805 703 1854 τις,
727 1782 758 1845 οὐ
783 1784 852 1844 ταῶ
876 1779 917 1844 δέ·

383 1930 423 1993 In
454 1932 559 1994 eadem
591 1953 661 2015 pag.
694 1929 731 1992 D.
758 1929 897 1993 eiusdem
920 1928 1166 1993 emendationem
1192 1929 1340 1993 ambabus
1363 1931 1459 1994 mani·

340 2055 398 2119 bus
433 2057 548 2141 arripio
579 2077 671 2138 quam
706 2056 799 2119 miror
830 2077 904 2119 non
935 2063 1090 2140 arreptam
1118 2062 1150 2119 et
1173 2062 1328 2141 receptam
1353 2078 1459 2120 essaa

341 2181 507 2245 Diibnero:
544 2182 570 2245 is
600 2181 683 2245 enim
715 2203 842 2245 securus
873 2181 981 2245 haecce
1012 2179 1099 2244 nobis
1122 2181 1238 2244 vendit.
1263 2184 1344 2244 Sunt
1366 2180 1458 2245 verba

341 2307 445 2371 mariti
477 2306 515 2370 ad
547 2330 618 2370 eum
651 2307 706 2390 qui
736 2327 864 2370 uxorem
896 2312 1107 2389 stupraverat:
1137 2303 1188 2369 Ὦ
1213 2306 1389 2387 ταλαίπωρε,
1413 2307 1458 2378 τίς

339 2433 474 2509 αναγκνς
509 2431 610 2512 σατμὶ
643 2431 701 2512 γαρ
730 2430 751 2494 αἱ
780 2428 869 2511 προίξ.
903 2429 992 2509 Quae
1021 2430 1118 2494 libere
1150 2430 1298 2494 confiteor
1322 2453 1456 2495 menon

339 2557 528 2621 intellexisse
550 2556 646 2621 donec
668 2557 836 2620 incideram
862 2556 894 2619 in
918 2556 1020 2619 locum
1043 2555 1259 2619 emendatum:
1279 2555 1324 2628 τίς
1343 2556 1370 2618 σ’
1383 2555 1456 2620 ανα-

339 2705 467 2760 γκασενς
499 2682 560 2759 σὶμὲ
591 2681 648 2761 γὰρ
679 2677 812 2760 ατρσίξ,
837 2701 916 2762 quae
939 2681 1032 2764 plena
1056 2680 1231 2744 acerbitatis
1256 2685 1394 2756 suntet,
1420 2687 1456 2743 ut

338 2807 384 2870 ita
407 2806 516 2886 dicam,
542 2807 683 2887 cynicum
704 2805 853 2869 redolent.

384 2931 472 3011 Quae
503 2931 608 2995 statim
632 2939 810 3015 sequuntur
832 2929 901 3007 ἄγε
924 2929 959 2995 σύ
983 2930 1092 2994 vitiosa
1116 2930 1250 2994 arbitror
1274 2954 1339 2995 esse
1363 2931 1455 3016 culpa

338 3055 532 3141 typographi,
560 3055 615 3138 qui
645 3055 789 3140 spiritum
822 3077 965 3140 asperum
989 3055 1022 3118 in
1047 3054 1148 3119 lenem
1174 3057 1325 3120 mutavit:
1349 3079 1457 3120 verum

339 3180 414 3245 erit:
446 3178 520 3258 atys
550 3179 595 3244 σύ.
629 3180 740 3244 Paullo
772 3187 842 3265 post
874 3179 1043 3244 Diibnerus
1066 3181 1163 3246 sensit
1185 3182 1370 3246 sententiam
1395 3205 1458 3246 non

338 3311 422 3368 recte
445 3327 477 3368 se
501 3303 630 3368 habere:
655 3304 691 3368 σὺ
714 3305 746 3368 δὲ
769 3310 902 3369 τοσαῦτα
925 3303 1097 3385 πράγματα
1120 3305 1252 3385 σννέχενς
1275 3305 1328 3371 καὶ
1348 3304 1457 3388 capaic-

338 3453 396 3502 τεις
421 3437 506 3507 cett,
531 3451 623 3513 quam
649 3428 688 3493 ob
712 3453 776 3494 rem
801 3430 917 3495 delevit
941 3455 992 3494 σνν
1016 3431 1068 3495 sed
1091 3453 1155 3495 rem
1177 3453 1238 3495 non
1259 3453 1317 3497 acu
1337 3433 1457 3517 tetigit:

339 3576 446 3618 verum
470 3554 551 3618 vidit
573 3556 685 3619 iterum
708 3553 782 3618 Cob.
807 3557 861 3639 qui
887 3557 1031 3620 emendat
1053 3564 1177 3636 συγχεῖς
1200 3558 1222 3620 i.
1247 3580 1273 3621 a.
1294 3558 1457 3639 ταράττεις,

277 3731 279 3736 .
339 3682 387 3755 tu,
417 3680 471 3763 qui
504 3702 616 3760 moves,
645 3703 760 3764 susque
784 3681 885 3765 deque
909 3682 1003 3745 vertis
1025 3682 1149 3746 omnia:
1174 3682 1258 3766 quod
1282 3683 1458 3768 planissime

336 3826 406 3867 cum
428 3805 582 3868 sententia
604 3805 759 3888 congruit.

381 4075 411 4137 p.
439 4056 511 4115 526.
536 4051 570 4116 O.
597 4053 781 4118 Diibncrus:
804 4052 959 4117 ἀκόλαστα
981 4053 1079 4128 ταντα
1099 4054 1211 4132 γίνεται
1230 4053 1337 4119 δούλων
1356 4054 1455 4120 τέκνα.

631 4175 784 4255 Οοὶνθλῑιες
808 4175 949 4241 ἀκόλασθ’
965 4178 1074 4255 ὁμιλεῖν
1090 4177 1224 4256 γίγνεται
1242 4177 1343 4241 δούλαν
1358 4176 1455 4242 τέκνα.
