3388 5050
789 458 830 518 41

248 686 341 729 sunm
372 663 539 729 eonsilium
570 663 636 742 dat,
666 661 721 727 sed
743 663 799 746 qni
822 662 962 727 medicus
983 669 1030 726 est
1053 662 1229 728 morborum
1252 664 1368 729 alieno·

250 812 331 870 rum,
361 790 429 875 ipse
458 785 623 868 οἰμώξεται,
653 789 699 852 ita
721 794 760 852 nt
782 789 901 852 οἰκεῖται
924 794 957 852 et
977 785 1131 866 οἰμώξεται
1155 789 1267 854 aeriter
1289 790 1373 854 inter

248 937 313 978 aare
336 919 543 1000 opponantur.

293 1039 375 1104 Sunt
415 1039 517 1104 iocosa
550 1039 692 1124 exempla
726 1036 890 1106 verborum
924 1061 1067 1124 perverse
1100 1039 1290 1104 divisorum:
1326 1041 1371 1105 aio

248 1165 288 1230 de
316 1164 452 1248 quodam
482 1163 611 1229 verboso
640 1170 794 1248 nugatore
818 1164 971 1247 seriptum
993 1162 1135 1228 videmus
1156 1165 1293 1242 ποταμὸς
1316 1164 1372 1241 μὲν

248 1288 386 1370 ῥημάτων
413 1290 479 1354 οὐδὲ
507 1287 705 1367 σταλαγμόςε
737 1288 821 1372 quod
852 1287 989 1372 intelligi
1018 1312 1080 1353 non
1112 1295 1226 1374 potest.
1258 1289 1371 1353 Nonne

249 1415 361 1478 melius
392 1415 452 1478 erit
483 1412 732 1478 emendationem
761 1413 899 1498 recipere
929 1414 1072 1477 anescio
1093 1436 1157 1497 quo
1180 1414 1282 1498 sagaci
1305 1415 1371 1478 viro

248 1547 417 1626 repertam:
441 1540 578 1618 ποταμὸς
601 1540 655 1617 μὲν
678 1536 826 1619 ῥημάτων,
846 1543 894 1603 νοῦ
914 1539 947 1603 δὲ
964 1538 1144 1617 τταλαγμὸς
1164 1539 1280 1602 fluvius
1303 1538 1373 1622 qui·

248 1666 319 1730 dem
342 1664 517 1744 verborum,
540 1665 595 1728 aed
617 1670 710 1748 gutta
732 1664 846 1727 mentis
867 1662 1069 1748 ingeniique?

292 1789 343 1854 Sic
365 1790 581 1854 Alexandrum
605 1811 754 1873 magnum
776 1790 810 1854 in
833 1788 940 1853 Africa
959 1796 1132 1852 versantem
1151 1787 1371 1872 alloquebatur

251 1914 392 1978 sacerdos
420 1911 505 1977 Iovia
536 1913 705 1991 Ammonii,
735 1913 791 1996 qui
818 1913 958 1997 linguam
982 1935 1122 1996 graecam
1145 1909 1326 1995 ignorabat:
1350 1907 1371 1974 ὦ

250 2038 378 2110 ταιδίοςῐ
402 2035 537 2100 Volebat
559 2038 643 2100 enim
664 2037 757 2101 bomo
778 2035 897 2101 dicere:
922 2032 944 2099 ὦ
966 2037 1089 2109 παιδίον,
1113 2058 1132 2099 o
1152 2037 1195 2099 mi
1214 2035 1371 2119 fililquae

248 2168 323 2226 aunt
355 2161 448 2226 verba
478 2162 600 2246 signata
627 2162 710 2226 senis
740 2159 926 2225 venerabilia
952 2161 992 2225 ad
1015 2161 1169 2225 invenem.
1194 2160 1372 2225 Alexander

248 2309 321 2350 vero
349 2286 440 2351 aliter
462 2287 683 2352 allocutionem
707 2287 827 2371 accepit
848 2293 965 2372 putans
987 2284 1066 2350 dioi:
1090 2281 1112 2348 ὦ
1133 2292 1194 2349 ταῑ
1215 2285 1300 2359 Arda!
1326 2286 1369 2348 Et

246 2413 291 2479 aio
313 2435 346 2476 se
370 2411 491 2476 adorari
514 2419 665 2496 tauquam
687 2411 789 2476 filium
813 2411 899 2476 Iovis
921 2434 985 2475 uon
1004 2410 1095 2474 modo
1115 2409 1245 2491 sinebat,
1260 2433 1367 2476 rernm

248 2545 355 2624 postea
378 2538 473 2602 etiam
493 2535 630 2601 iubebat.

290 2818 321 2881 p.
353 2798 428 2864 789.
459 2795 496 2859 Β.
520 2794 655 2859 Editur:
686 2789 708 2857 ὦ
738 2791 801 2869 ξένε
823 2795 965 2867 Ἀθηναῖε
985 2792 1105 2874 ἀζαλέῳ
1127 2793 1206 2875 γήρα
1229 2817 1368 2858 καταν-

247 2922 356 2986 θιδῶν
378 2921 495 3000 κήδῃ.
520 2918 714 3000 γραψάμενος
735 2918 895 2998 αἰιόλειψιν
913 2927 950 2999 τῇ
969 2917 1061 2990 πόλει,
1080 2919 1119 2991 εἷς
1138 2920 1227 2999 ἀγρὸν
1242 2919 1369 2996 ἐπείγου.

248 3047 350 3109 Senex
378 3044 557 3108 κατανθιδῶν
580 3043 654 3123 sollu
678 3042 758 3107 nihil
781 3065 846 3107 esse
871 3045 1091 3126 unnsquisque
1115 3043 1191 3106 mihi
1214 3041 1372 3107 concedet.

246 3169 316 3233 Neo
347 3170 493 3254 primum,
525 3190 627 3251 neque
657 3167 789 3231 alterum
825 3167 953 3231 verbnm
976 3167 1095 3244 existit,
1117 3167 1212 3231 nimia
1235 3167 1371 3231 stultum

246 3294 330 3358 enim
364 3300 446 3357 esset
480 3292 540 3356 hoo
570 3295 639 3355 loro
670 3298 754 3356 reate
784 3315 850 3355 aeae
883 3290 997 3355 babere
1025 3291 1260 3356 coniunctivum
1285 3290 1371 3356 vorbi

246 3420 374 3496 ιιιῇδομαι
397 3424 518 3506 putare.
542 3416 629 3480 Haeo
653 3417 732 3480 mihi
754 3416 787 3480 in
813 3422 947 3481 mentem
971 3418 1112 3497 veniunt,
1131 3417 1286 3481 levissima
1306 3439 1372 3482 mn·

245 3545 366 3608 tatione
387 3544 487 3608 faeta:
509 3541 703 3622 κατανθίζ
709 3566 754 3604 ιον
776 3540 845 3615 ἤδη
864 3542 886 3606 i.
907 3564 934 3605 e.
954 3541 1187 3621 „deflorescere
1204 3543 1267 3606 iarn
1284 3543 1372 3606 senio

246 3665 365 3730 arido.'’
389 3664 479 3746 Quae
502 3666 614 3730 saltem
637 3688 744 3730 uanam
766 3665 955 3729 seutentiam
979 3665 1129 3751 praebent
1152 3671 1185 3730 et
1207 3666 1271 3729 iere
1290 3664 1372 3730 nibil

246 3791 395 3855 differunt
416 3813 435 3852 a
458 3791 593 3854 lectione
616 3789 754 3874 vulgata.

289 4059 319 4122 p.
353 4040 427 4100 862.
459 4035 498 4100 D.
530 4035 721 4101 Plutarchus
753 4059 925 4100 sermonem
955 4035 1167 4100 Herodoteum
1202 4056 1266 4099 nou
1289 4033 1368 4098 bene

246 4162 351 4226 refert.
382 4161 513 4248 Legitur
543 4161 644 4226 enim:
675 4160 793 4232 τούτους
822 4161 880 4242 γὰρ
911 4160 1096 4241 συνθεμένους
1126 4167 1202 4225 τοῖσι
1227 4159 1368 4241 stipamur
