3388 5050
883 493 925 553 tu

343 698 367 762 οἱ
397 698 444 762 bl:
475 697 604 762 verbum
635 719 769 782 sequens
797 699 896 783 igitur
926 699 959 762 in
988 697 1102 784 plurali
1125 721 1255 762 numero
1279 699 1459 783 ponendum

344 828 392 884 est
415 828 447 885 et
469 820 651 906 legendum:
677 817 716 896 οἷς
737 821 803 887 iro
811 845 891 902 χον.

390 1090 420 1152 p.
455 1067 528 1133 777.
560 1068 595 1131 Β.
619 1069 643 1132 εἱ
665 1068 720 1146 μὲν
744 1062 784 1142 ἦς
807 1066 823 1142 ἢ
846 1067 947 1132 Βότων
970 1067 987 1143 ἢ
1013 1069 1197 1143 Πολυδεύκης
1221 1069 1348 1148 ἄσμενος
1371 1070 1408 1134 όιν
1432 1096 1465 1135 οε

345 1190 571 1273 προςεδεξόμνν,
594 1191 658 1256 ἐπεὶ
681 1193 713 1257 δὲ
736 1194 793 1264 υἱός
817 1193 954 1271 Αἰμιλίου
976 1193 1114 1272 γέγονας,
1133 1195 1228 1268 νὶωνὸς
1247 1195 1279 1259 δὲ
1298 1196 1465 1269 Σκηπίωνος

346 1323 396 1383 τοῦ
430 1319 620 1398 Ἀφρικανοῦ,
655 1319 705 1381 οὐκ
738 1315 782 1382 cla
812 1341 867 1382 σοι
897 1316 1147 1396 διαλέξομαι.
1179 1319 1251 1383 Duo
1282 1320 1357 1382 vitia
1387 1320 1466 1383 hane

347 1443 532 1506 sententiam
568 1442 742 1506 maculant:
773 1441 907 1527 primum
940 1438 983 1517 ἦς,
1015 1465 1095 1526 quae
1126 1449 1172 1508 est
1194 1446 1347 1530 posterior
1367 1443 1466 1508 forma

350 1590 407 1654 pro
441 1562 553 1641 ἦσόαε
586 1566 698 1631 deinde
729 1569 781 1632 οὐκ
809 1565 846 1631 ἄν
876 1592 919 1631 σοι
949 1565 1124 1644 διαλέξομαι
1154 1591 1386 1653 graecumnon
1410 1576 1467 1632 est.

349 1693 397 1756 Ex
429 1691 686 1778 praecedentibus
709 1700 838 1776 apparet
860 1691 1067 1756 Plutarchum
1091 1714 1205 1757 morem
1228 1691 1467 1777 philosophandi

349 1839 420 1880 cum
453 1817 525 1880 viris
549 1816 742 1902 principibus
766 1815 870 1900 magni
892 1816 1064 1880 aestimare.
1089 1816 1192 1896 Quam
1217 1816 1256 1879 ob
1279 1839 1343 1880 rem
1366 1817 1468 1902 carpit

350 1962 401 2004 eos
424 1940 479 2025 qui
502 1962 658 2004 sermones
682 1963 782 2004 serere
804 1939 911 2004 doctos
934 1963 965 2004 se
984 1947 1101 2023 negant
1120 1963 1189 2004 oum
1210 1940 1283 2005 viris
1300 1940 1467 2006 nobilibus.

350 2063 436 2143 Quid
465 2063 629 2148 oportebat
658 2063 758 2127 dicere
789 2063 984 2141 Panaetium,
1014 2064 1157 2148 Scipione
1180 2087 1251 2129 eum
1275 2065 1468 2129 arcessente?

351 2187 445 2268 Quod
479 2188 563 2252 filius
597 2189 726 2252 Aemilii
750 2212 791 2267 es,
827 2189 918 2252 nolo
950 2195 1081 2252 tecum
1113 2189 1351 2274 disputare?
1384 2189 1470 2254 Haec

351 2337 459 2398 graece
482 2337 543 2378 non
566 2314 610 2377 sio
632 2314 868 2399 exprimuntur:
889 2316 955 2378 οὐκ
977 2314 1096 2379 ἄνοον
1116 2313 1371 2393 διαλέξομαι.
1391 2315 1468 2379 Scri·

352 2441 487 2506 bendum
511 2449 607 2527 puto:
632 2442 695 2505 οὐκ
720 2439 764 2504 ι’όν
788 2463 843 2504 οοι
866 2439 1131 2519 διαλέχόέινν.

396 2707 427 2770 p.
453 2685 527 2749 780.
551 2684 591 2748 Ι).
614 2685 729 2749 Narrat
753 2693 857 2749 noster
880 2684 935 2748 uni
958 2707 995 2749 ex
1017 2685 1098 2768 regis
1120 2683 1286 2750 Persarum
1309 2684 1466 2749 cubicula·

353 2811 409 2875 riis
438 2811 518 2875 hanc
546 2811 736 2896 provinciam
760 2810 936 2874 mandatam
959 2833 1023 2874 esse
1048 2816 1085 2874 ut
1108 2832 1229 2874 summo
1253 2833 1342 2873 mane
1365 2832 1468 2894 regem

354 2942 492 3000 moneret
525 2958 631 3000 curam
663 2958 769 3019 gerere
800 2957 906 2998 earum
937 2958 1050 3014 rerum,
1066 2957 1158 3018 quas
1190 2932 1376 2998 Oromasdes
1400 2958 1471 2999 eum

354 3083 462 3124 curare
481 3060 637 3138 voluerat3
664 3068 695 3123 et
718 3062 761 3123 ita
786 3061 904 3144 pergit:
927 3065 977 3124 τοῦ
996 3060 1026 3123 δὲ
1046 3059 1276 3136 πεπαιδευμένον
1295 3058 1346 3123 καὶ
1359 3065 1472 3142 σωφρο-

355 3190 467 3256 νοῦντος
497 3183 639 3266 ἄρχοντος
670 3184 748 3256 ἐντός
777 3186 858 3248 ἐστιν
889 3184 1009 3249 instro
1033 3183 1236 3264 φθεγγόμενος
1258 3185 1303 3248 ἀεὶ
1326 3184 1378 3248 καὶ
1406 3209 1474 3249 οια-

354 3308 706 3391 ρακελενοοόμενος.
747 3309 878 3393 Propter
912 3310 1097 3394 praecedens
1130 3308 1334 3391 φθεγγόμενος
1371 3317 1403 3373 et
1439 3319 1475 3374 ut

356 3435 528 3500 sententiae
547 3435 684 3515 satisfiat,
706 3434 890 3498 mutandum
911 3458 975 3498 esse
993 3435 1082 3498 credo
1101 3435 1476 3515 παρακελευόμενος.
