3388 5050
324 1764 679 1830 OBSERVATIONES
705 1763 907 1828 carrione
933 1764 983 1828 IN
1006 1760 1256 1859 PLUTneoffl

686 1889 900 1953 MORALIA.

694 2227 888 2235 —-—

277 2486 332 2550 De
360 2486 621 2552 Garrulitate
643 2511 674 2573 p.
703 2492 776 2553 502.
800 2489 836 2554 1⁴¹.
861 2487 1055 2552 Describitur
1078 2488 1197 2572 garruli
1219 2487 1353 2552 hominis

234 2611 394 2676 molestia:
416 2612 622 2678 auditoribus
644 2636 764 2700 semper
788 2621 889 2686 caret:
913 2636 1020 2677 omnes
1043 2635 1113 2676 eum
1139 2612 1276 2696 fugiunt,
1300 2611 1357 2676 κᾶν

232 2737 261 2800 ἕν
292 2736 454 2818 ἡμικυκλίῳ
484 2737 540 2801 σινὶ
568 2737 762 2818 καθεζόμενοι,
786 2737 841 2803 κᾶν
864 2743 1089 2819 περιπατοῦντες
1112 2739 1142 2802 ἕν
1166 2738 1265 2817 ταύτῷ
1288 2736 1355 2801 θεα-

233 2885 340 2926 σοονσαι
363 2867 594 2943 προσφοιτῶντα,
619 2861 740 2942 παχέως
762 2860 916 2942 ἀνάζευξιν
939 2865 1079 2935 αὐτοῖς
1101 2866 1297 2942 παρεγγυῶσι.
1324 2860 1356 2923 si

232 2988 289 3071 qni
320 2987 437 3070 (malim
468 2987 550 3050 enim
581 2987 676 3073 τινές)
703 2988 767 3051 sive
790 2989 823 3051 in
845 2987 963 3052 eironlo
986 2987 1182 3052 considentes
1207 2987 1271 3049 sive
1294 3007 1357 3047 am·

231 3112 376 3178 balantes
408 3107 709 3198 appropinquantem
742 3113 850 3177 vident
879 3113 1052 3198 garrulum,
1085 3134 1155 3176 mox
1186 3111 1245 3174 sibi
1276 3111 1353 3195 ipsis

234 3237 451 3321 migrationem
475 3236 630 3314 indicunt,
654 3238 714 3322 ipsi
734 3245 929 3322 consurgunt
951 3245 988 3300 ut
1012 3236 1173 3321 garrulum
1195 3235 1356 3318 effugiant,

234 3361 319 3445 qnod
359 3361 452 3426 aliter
484 3361 615 3446 exprimi
651 3384 713 3425 non
747 3369 851 3448 potest
885 3363 946 3426 nisi
981 3362 1118 3434 αὑσοῑς
1152 3365 1356 3438 παρεγγυῶσιν

234 3482 397 3566 ἀνάζευξιν.

279 3754 310 3816 p.
344 3733 417 3794 503.
449 3729 484 3794 Ο.
514 3731 613 3796 Miror
640 3732 722 3817 apud
747 3731 929 3796 Diibnerum
954 3731 1034 3816 legi:
1059 3731 1110 3794 ἐὰν
1133 3731 1206 3808 μηδ’
1229 3729 1356 3794 ἀνείλ-

235 3870 364 3929 λνσαι.
397 3855 507 3920 Forma
537 3864 585 3920 est
607 3856 790 3920 iamdudum
814 3856 975 3920 damnata:
1001 3855 1229 3920 restituendum
1251 3854 1357 3917 02le-

236 3994 371 4054 λνσαι,
395 3981 434 4045 de
457 4002 520 4065 qna
543 4003 576 4044 re
600 3981 639 4044 ef.
659 3980 738 4046 coh.
762 3980 843 4044 Nov.
869 3980 956 4046 Lem.
980 4002 1011 4064 p.
1036 3982 1110 4045 457.

282 4249 313 4312 p.
339 4230 411 4290 504.
437 4225 473 4291 B.
497 4223 573 4299 ἥδιόν
596 4227 633 4304 γε’
652 4251 694 4291 σοι
713 4233 843 4307 πονηροῖς
862 4227 1068 4302 ὁμιλοῦσιν
1088 4220 1241 4298 ε’πιδεξιοῑς
1253 4222 1269 4297 ἢ
1283 4246 1358 4304 χροι-

1214 4346 1225 4388 ι
