3388 5050
785 452 826 514 37

294 683 326 746 p.
360 662 435 725 671.
466 659 501 724 O.
533 659 616 741 ’Λρα
638 661 675 724 σὺ
697 661 746 725 τὸν
768 659 954 742 ὀρσιγύναικα
978 660 1113 724 Διίνυσον
1136 659 1299 748 ἕγγροίφεις
1321 659 1374 724 καί

252 787 456 858 ὑποποιεῖς
487 794 549 858 τοῖς
579 785 723 866 Ἑβραίων
752 786 936 866 οίσορριίτοιςς
960 793 1049 870 rogat
1074 785 1285 870 Symmachus.
1310 785 1376 849 Ma-

250 911 308 974 lim
331 912 362 976 εί
369 918 533 984 ςσοιεῒς,
558 909 685 975 verbum
710 911 863 974 usitatum
888 910 927 974 de
950 910 1133 996 adoptione:
1151 911 1298 974 ὑτοιιοιεῑν
1316 909 1374 973 hac

250 1037 476 1121 significatione
508 1036 643 1122 positum
675 1058 739 1100 non
761 1036 939 1100 invenitur:
962 1036 1002 1100 de
1024 1035 1133 1100 liberis
1156 1035 1240 1100 enim
1263 1057 1376 1120 suppo·

252 1161 363 1225 sitioiis
385 1161 530 1225 hocloco
551 1184 615 1225 non
635 1162 757 1245 agitur:
781 1161 866 1244 quod
890 1161 916 1224 si
938 1161 983 1223 ita
1007 1167 1096 1240 esset,
1120 1160 1274 1224 utendum
1298 1160 1373 1223 iuis-

250 1293 298 1350 set
326 1285 420 1350 verbo
449 1285 638 1364 ὑποβάλλειν.
670 1286 713 1350 Et
741 1285 904 1366 ἐγγράφειν
933 1293 965 1350 et
987 1286 1119 1358 είςτοιεῖν
1141 1285 1224 1349 inter
1247 1308 1280 1349 se
1302 1306 1375 1348 cou-

249 1412 358 1477 iuncta
391 1411 559 1496 imaginem
592 1409 681 1474 uobis
711 1415 885 1495 suppetunt
914 1432 952 1474 ex
983 1409 1226 1494 antiquitatibus
1255 1409 1373 1492 graecis

249 1537 457 1623 desumptam.
480 1534 666 1617 Ἐγγροίφειν
688 1542 736 1599 est
759 1535 930 1600 inscribere
949 1535 1063 1600 liberos
1080 1537 1114 1600 in
1133 1534 1259 1600 tabulas
1270 1535 1374 1621 publi·

253 1686 320 1727 cas:
344 1663 476 1736 είςιιοιεῑν
497 1663 646 1747 adoptare
667 1660 781 1725 liberos
804 1668 836 1725 et
858 1684 1023 1745 agnoscere
1044 1668 1195 1746 tanquam
1220 1684 1303 1726 suos.

295 1933 325 1997 p.
359 1913 433 1975 671.
464 1908 502 1974 Ε.
530 1911 651 1973 Iterum
673 1909 750 1972 mihi
772 1908 969 1973 redeundum
992 1908 1053 1972 erit
1076 1909 1115 1972 ad
1137 1909 1368 1992 quaestionem:

249 2039 353 2119 „quis
386 2035 427 2100 sit
460 2033 651 2098 Iudaeorum
685 2033 794 2111 deus'',
829 2041 867 2097 ut
900 2056 969 2098 eam
1003 2033 1065 2097 levi
1099 2033 1176 2098 vitio
1212 2033 1366 2098 absolvam

249 2160 334 2246 quod
362 2166 467 2224 tamen
498 2182 623 2223 sensum
651 2159 769 2223 turbat.
792 2158 923 2223 Editur:
948 2158 1062 2237 ὀλίγαις
1085 2160 1117 2224 δὲ
1139 2159 1260 2241 ἡμέραις
1284 2158 1369 2224 ὅστε·

255 2310 299 2367 ρον
330 2284 427 2358 ἄλλην
456 2283 561 2358 ἑορτὴν,
593 2284 658 2348 οὐκ
688 2281 732 2346 ἂν
762 2283 798 2346 δι’
829 2283 1023 2361 αἰνιγμάτων,
1046 2284 1118 2348 ἀλλ’
1138 2282 1270 2363 ἄντικρυς
1290 2283 1369 2360 βοίκ-

248 2434 308 2490 χου
337 2409 527 2488 καλουμένου,
558 2412 697 2473 τελοῦσιν.
723 2406 811 2472 Num
833 2409 968 2472 feremus
994 2408 1161 2472 molestum
1184 2406 1222 2472 ἂν
1245 2408 1297 2473 cui
1319 2408 1370 2471 hic

247 2536 355 2600 nullus
386 2535 473 2599 locus
497 2533 566 2598 est?
588 2534 707 2599 Melius
729 2533 790 2597 erit
812 2533 932 2618 legere:
957 2532 1087 2598 οὐκέτι
1110 2534 1146 2598 δι’
1172 2534 1366 2612 αἰνιγμάτων.

292 2805 322 2866 p.
356 2782 430 2845 676.
462 2781 499 2845 Ε.
530 2780 589 2845 Καὶ
613 2785 698 2845 τοῦτο
722 2780 758 2853 δὴ
780 2781 813 2845 τὸ
836 2780 949 2846 σκολιὸν
972 2780 1153 2861 ε’τίγραμμα
1176 2780 1291 2853 δῆλον
1313 2804 1368 2844 κε·

247 2906 373 2987 ραμέα
401 2905 510 2986 νομιζει
542 2904 782 2983 διαβεβυσμένην
805 2905 922 2986 σελίνῳ.
956 2903 1164 2989 Quocumque
1195 2927 1244 2969 me
1272 2887 1368 2986 verto,

247 3055 353 3097 sanam
378 3032 565 3096 sententiam
585 3053 622 3094 cx
645 3031 729 3095 hisce
752 3029 853 3094 verbis
875 3031 1024 3118 expiscari
1048 3053 1179 3115 nequeo.
1199 3031 1291 3096 Hauc
1310 3031 1370 3094 lec·

246 3157 363 3222 tionem
387 3178 544 3242 propono:
568 3156 686 3229 δηλοῖ
704 3157 894 3236 κεραμῖδα
917 3155 1159 3234 διαβεβυσμένην
1179 3157 1288 3238 σελίνῳ,
1306 3158 1327 3220 i.
1341 3181 1368 3221 e.

246 3282 334 3361 „hoc
366 3281 483 3345 scoliou
515 3282 705 3366 epigramma
738 3280 876 3344 ostendit
910 3287 1022 3345 testam
1056 3281 1152 3346 luisse
1181 3282 1368 3367 perforatam

245 3407 379 3493 apioque
406 3405 600 3471 traiectam.”
627 3405 696 3470 Tali
727 3406 790 3470 fere
821 3405 912 3470 modo
941 3407 1072 3490 antiqua
1095 3406 1188 3473 lectio
1211 3413 1279 3471 orta
1302 3412 1372 3470 est:

246 3533 340 3597 semel
358 3533 447 3605 δηλοῖ
465 3533 499 3596 in
522 3532 609 3605 δῆλον
629 3532 806 3617 depravato,
827 3537 945 3596 veteres
965 3531 1082 3596 scribae
1101 3531 1231 3596 verbum
1244 3533 1367 3597 finitum

246 3657 456 3721 desiderantes
478 3657 679 3721 inseruerunt
701 3655 818 3737 νομίζει.
842 3658 873 3736 ΙΑ
897 3658 1041 3740 sequenti
1064 3680 1155 3722 versu
1178 3658 1283 3743 potius
1303 3656 1370 3722 abs·

243 3782 347 3846 tineo:
379 3782 454 3845 satis
483 3781 581 3846 habeo
602 3782 700 3866 digito
725 3789 911 3847 monstrasse
934 3805 1058 3868 gravem
1083 3784 1292 3868 corruptelam
1318 3783 1366 3847 his

243 3905 344 3971 verbis
376 3907 486 3970 inesse.
518 3905 624 3970 Primo
653 3906 786 3978 σαλίος
815 3905 945 3971 verbum
975 3914 1023 3973 est
1054 3908 1138 3992 quod
1161 3931 1224 3973 non
1248 3914 1366 3972 exstat:

243 4029 357 4094 deinde
388 4029 477 4095 nullo
500 4031 592 4095 modo
615 4030 774 4096 indicatur
797 4032 859 4095 iam
879 4031 954 4096 olim
978 4034 1085 4119 apium
1108 4033 1142 4097 in
1165 4055 1227 4098 usu
1250 4033 1365 4098 foisse:

244 4178 317 4221 nam
340 4177 378 4220 ex
402 4156 564 4234 Ἰσθμικοὺς
587 4161 702 4230 κλῶνας
726 4157 785 4222 hoc
809 4157 915 4245 colligi
938 4181 1003 4223 non
1025 4164 1138 4246 potest.
