3388 5050
289 814 319 876 p.
352 793 426 854 595.
460 793 498 854 Α.
532 790 634 854 Amici
665 789 815 855 Charonis
846 791 1054 875 quadraginta
1082 797 1152 854 octo
1174 813 1305 855 numero
1328 814 1364 854 ea

242 923 333 978 nocte
367 937 430 998 qua
459 915 657 979 interfecturi
680 891 770 979 erairt
794 922 943 1000 tyrannos
966 915 1154 992 Thebarum,
1178 916 1260 1000 apud
1286 913 1365 978 Cha-

242 1061 349 1103 ronem
380 1039 469 1102 anxie
501 1037 715 1123 expectabant.
746 1037 888 1103 Veniunt
917 1039 1026 1103 nuncii
1056 1039 1189 1104 Archiae
1220 1039 1365 1103 iubentes

244 1161 416 1227 Charonem
440 1185 532 1246 quam
554 1164 699 1228 citissime
719 1164 757 1228 ad
777 1164 925 1228 Archiam
946 1171 978 1227 et
996 1163 1177 1249 Philippum
1190 1186 1363 1250 properare.

245 1287 318 1351 Sine
341 1309 427 1351 mora
455 1285 578 1350 Charon
602 1288 758 1373 promittit
782 1310 813 1352 se
835 1293 1003 1352 venturum
1028 1311 1223 1352 essenorum
1246 1312 1279 1353 se
1301 1311 1364 1352 non

244 1434 315 1476 cum
339 1413 464 1476 nunciis
488 1412 702 1496 proiecturum
724 1413 841 1497 quippe
864 1435 963 1496 quum
987 1413 1119 1497 speciem
1144 1414 1258 1498 captivi
1280 1435 1366 1497 prae-

243 1536 316 1601 bere
345 1536 456 1601 nollet.
489 1535 550 1599 Oui
579 1535 641 1599 illi:
674 1533 745 1601 οὕτω
778 1536 860 1600 ποίει·
888 1534 940 1600 καί
962 1536 1019 1617 γὰρ
1042 1539 1124 1612 ἡμᾶς
1147 1537 1195 1600 δεῖ
1213 1545 1272 1608 τοῖς
1295 1537 1364 1600 ὑπὸ

245 1659 328 1726 πόλιν
350 1661 477 1742 φρονίμοις
500 1662 620 1738 κομίσαι
642 1685 671 1724 σι
693 1658 874 1741 πρίςσαγμα
893 1661 974 1741 παρα
996 1665 1053 1725 τῶν
1072 1648 1229 1742 νἰρχίνσων.
1252 1662 1292 1726 Oi
1309 1663 1364 1727 ὑπὸ

245 1785 329 1849 πόλιν
352 1790 464 1866 φρσῦρσι
486 1785 567 1850 nihil
590 1792 653 1849 cst:
677 1785 712 1849 iu
735 1785 821 1867 περὶ
845 1785 928 1850 πόλιν
952 1793 1093 1849 mutetur
1116 1808 1239 1849 necesse
1261 1792 1317 1850 eat.

291 2069 321 2130 p.
352 2048 425 2109 595.
457 2045 493 2108 Β.
527 2043 610 2108 Dum
634 2051 667 2108 et
689 2045 799 2109 nuncii
821 2051 853 2108 et
876 2043 999 2108 Charon
1023 2043 1147 2121 absunt,
1172 2043 1302 2120 exsules,
1328 2049 1364 2106 ut

244 2192 299 2254 par
331 2176 406 2249 erat,
438 2170 471 2233 iu
503 2192 614 2252 magno
635 2176 721 2232 metu
744 2175 852 2232 erant:
876 2192 908 2232 se
933 2169 1071 2253 proditos
1095 2191 1161 2232 esse
1184 2168 1244 2232 rati
1267 2169 1364 2251 idque

244 2293 327 2359 haud
348 2295 415 2358 sine
433 2293 608 2378 suspicione
626 2295 659 2356 in
679 2293 959 2377 Hipposthenidam
981 2291 1113 2356 ὑπενόουν
1130 2294 1221 2357 αὐτὸν
1233 2297 1364 2357 κωλῦσαι

244 2416 299 2496 μὲν
329 2420 560 2496 ἐπιχειρήσαντα
588 2417 641 2488 τὴν
673 2417 792 2482 κάθοδον
815 2416 864 2480 διὰ
886 2421 937 2481 τοῦ
962 2417 1119 2488 Χλίδωνος,
1143 2415 1208 2479 ε’σεί
1231 2415 1258 2480 δ’
1287 2415 1363 2480 ἀνιέ-

243 2566 321 2622 σνχε
349 2541 402 2606 καὶ
433 2547 580 2614 συνῆπται
602 2541 642 2621 τῷ
666 2541 751 2621 καιρῷ
775 2541 924 2613 retertur,
949 2537 1148 2618 ἐξενηνοχέναι
1172 2539 1225 2612 τὴν
1249 2536 1361 2619 πρᾶξιν.

243 2665 345 2729 Ιινιιιιο
378 2687 451 2729 vero
480 2672 626 2738 συνῆπται
659 2671 783 2748 tempus
814 2665 896 2728 enim
927 2686 990 2749 quo
1022 2664 1098 2726 haec
1120 2664 1202 2726 faeta
1226 2686 1291 2727 esse
1316 2687 1365 2728 eo-

243 2791 395 2875 gitantur,
435 2789 518 2853 idem
556 2799 618 2854 est:
657 2798 849 2875 „postquam
887 2811 950 2853 rem
983 2767 1249 2874 Hipposthenidas
1285 2788 1363 2852 male

243 2922 379 3000 gesserat
408 2920 441 2979 et
469 2915 644 3000 periculum
675 2915 924 3000 appropinquare
954 2915 1122 2999 inceperat,
1146 2920 1213 2977 tum
1238 2912 1364 2976 demum

243 3064 308 3106 rem
332 3041 371 3104 ad
395 3041 612 3124 magistratum
634 3039 760 3104 detulit.

288 3308 318 3371 p.
341 3287 415 3349 596.
436 3284 477 3351 Ι).
497 3286 521 3350 σί
540 3286 595 3362 μὲν
614 3283 1010 3362 ε’σίΛενντίδηνὲνίματίνις
1022 3281 1155 3365 ἐξῄεσαν.
1168 3285 1229 3370 leg.
1243 3282 1363 3366 ἐξῇσαν.

287 3555 320 3618 p.
353 3535 426 3597 599.
457 3531 494 3596 ll.
525 3532 657 3596 Editur:
687 3530 750 3596 ἔστι
779 3532 811 3596 δὲ
840 3531 890 3596 καί
917 3532 1068 3611 χρώματα
1090 3530 1208 3612 λυπηρὰ
1230 3538 1266 3610 τῇ
1289 3528 1363 3609 lieu,

244 3656 313 3742 aspie
333 3654 355 3720 ἃ
377 3655 512 3733 γίγνεται
535 3655 568 3719 τὸ
591 3656 767 3734 συγχεῖσθαι
791 3654 843 3720 καί
863 3663 1028 3735 μαραυγεῖν
1049 3653 1098 3719 διὰ
1116 3654 1301 3734 σκληρότητα
1312 3652 1364 3717 καί
1444 3719 1452 3730 ,

244 3780 314 3857 βίαν
336 3780 508 3843 νίνίασσν.
534 3778 647 3843 Paullo
669 3781 844 3843 accuratius
869 3779 948 3842 hanc
967 3779 1154 3842 sententiam
1175 3775 1364 3862 contemple-

244 3925 324 3966 mur.
344 3903 481 3966 Ἀνίασσν
503 3909 559 3965 aut
582 3902 621 3965 ad
643 3903 713 3980 βίαν
735 3901 788 3966 καί
811 3902 997 3982 σκληρότατα
1020 3902 1214 3966 referendum
1241 3906 1298 3977 est,
1319 3900 1364 3962 ita

245 4032 282 4089 ut
303 4026 356 4090 hic
379 4048 487 4090 sensus
510 4027 637 4090 evadat:
662 4026 831 4103 „colorum
856 4027 987 4090 durities
1005 4033 1037 4090 et
1057 4026 1101 4090 vis
1120 4023 1235 4108 quibus
1248 4023 1364 4087 mederi

246 4173 308 4217 non
342 4165 517 4236 possumus,
549 4149 667 4235 quibus
698 4151 818 4216 medela
846 4151 975 4218 inventa
1005 4173 1067 4216 uon
1098 4149 1175 4214 est.’'
1204 4147 1363 4232 seuquid
