3388 5050
907 521 948 582 34

292 773 295 786 .
367 724 522 789 tenbaohii
547 728 681 790 mutatio
703 748 776 810 prae
800 750 832 790 se
851 730 911 792 fert
933 727 1219 814 palaeographioam
1244 731 1486 795 commendatio-

367 872 448 914 nem.
473 847 613 917 GNIOIC
637 858 669 915 et
692 851 886 918 ΕΝΑΓΧΟΟ
909 852 1058 916 conlundi
1081 853 1171 916 focile
1195 859 1375 937 potuerunt.

412 1120 441 1183 p.
475 1101 549 1162 658.
580 1099 617 1162 B.
642 1097 782 1163 Moschio
804 1098 937 1163 affirmat
960 1101 1117 1182 lepusculos
1140 1101 1172 1165 δὲ
1195 1104 1305 1193 πξιοαν,
1330 1099 1366 1166 θον
1389 1099 1483 1182 μὲνῇ

366 1223 492 1301 μαλακὴ
522 1222 573 1288 καὶ
602 1231 721 1305 πραεῖα,
745 1232 828 1289 κινεῖν
851 1225 891 1289 τοὶ
914 1226 990 1306 ὑγροὶ
1013 1225 1065 1290 καὶ
1088 1225 1263 1291 κωλύεινι
1287 1227 1313 1290 si
1337 1227 1420 1291 oalor
1443 1227 1484 1290 sit

367 1348 469 1411 mollis
500 1354 531 1412 et
563 1350 735 1426 mediocris,
768 1357 872 1413 movet
901 1356 1004 1434 partes
1028 1349 1171 1414 humidas
1195 1351 1294 1414 earnis
1318 1356 1350 1414 et
1371 1350 1480 1414 κωλύει.

366 1473 452 1553 Quid.
472 1473 583 1548 κωλύει,
606 1474 743 1558 quaeso?
767 1475 933 1558 quominus
953 1476 1029 1558 quid
1050 1476 1088 1539 de
1108 1498 1199 1539 cerne
1220 1473 1296 1538 fiat?
1309 1475 1380 1538 Non
1395 1475 1483 1540 facile

366 1598 423 1662 lioo
453 1600 618 1682 quisquam
641 1600 781 1664 invenire
804 1602 927 1685 poterit.
953 1601 1215 1685 Wytteubaehius
1238 1625 1345 1666 sanare
1368 1601 1483 1665 vulnus

365 1730 496 1788 conatur
528 1725 658 1808 legendo
688 1733 774 1790 κινεῖν
805 1725 845 1790 τοὶ
868 1726 942 1806 ὑγροὶ
965 1725 1016 1790 καὶ
1040 1730 1181 1805 χαλᾶν.
1208 1729 1276 1790 Hac
1298 1728 1331 1790 in
1356 1750 1387 1790 re
1411 1749 1482 1790 vero

365 1871 427 1912 non
459 1849 537 1913 laoio
568 1872 636 1913 cum
670 1873 722 1914 eo:
755 1849 870 1932 quibus
893 1850 1082 1933 argumentis
1105 1856 1136 1913 et
1160 1849 1333 1914 rationibus
1356 1850 1484 1927 duotuS,

365 1973 500 2036 breviter
531 1995 693 2057 exponam.
725 1972 807 2038 Setis
837 1973 939 2038 eudon
970 1975 1103 2038 mutatio
1134 1998 1234 2059 noque
1258 1997 1396 2058 eaquae
1422 1976 1481 2038 evi-

365 2096 471 2160 dentia
495 2096 633 2160 eluceat:
660 2097 685 2160 si
709 2096 827 2161 κωλύειν
850 2098 883 2162 in
905 2101 1010 2177 χαλᾶν
1029 2105 1150 2162 mutare
1169 2097 1286 2175 licebit,
1306 2099 1409 2162 omnia
1426 2121 1481 2183 pro

365 2221 509 2286 omnibus
531 2222 633 2304 legere
658 2221 702 2285 las
726 2225 795 2287 erit.
821 2221 942 2287 Deinde
967 2221 1092 2286 verbum
1116 2227 1220 2301 χαλᾶν
1245 2223 1348 2287 minus
1372 2228 1480 2307 aptum

364 2347 439 2411 mihi
464 2347 597 2410 videtur.
622 2346 680 2410 Sed
706 2348 781 2430 quid
806 2348 914 2411 multis
938 2347 1038 2412 verbis
1061 2371 1140 2433 opus
1164 2346 1232 2411 est?
1256 2347 1346 2411 Calor
1369 2347 1483 2410 medio·

364 2472 421 2535 oris
451 2494 514 2536 non
543 2470 645 2536 κωλύει
673 2471 726 2534 sed
749 2471 917 2544 διαλύει,
944 2479 1101 2535 monetet
1124 2472 1259 2549 resolvit,
1284 2471 1426 2536 dissolvit
1449 2471 1478 2532 vi

362 2620 417 2660 sua
447 2603 560 2681 partes
580 2595 723 2659 humidas
746 2596 856 2659 earnis.
881 2596 907 2658 u*
930 2595 1084 2660 contrario
1108 2596 1191 2662 oalor
1214 2597 1335 2680 ignem,
1359 2601 1396 2659 ut
1421 2603 1481 2660 sta·

362 2722 419 2784 tim
443 2726 513 2805 post
534 2720 677 2804 legimus,
699 2721 896 2799 ύπισχναίνει,
921 2723 1052 2785 exsiccat
1074 2743 1189 2786 earnes.

408 2991 437 3052 p.
470 2971 543 3031 662.
569 2967 607 3030 D.
631 2969 683 3032 ούκ
705 2966 741 3031 θον
766 2968 849 3044 teate
872 2966 1030 3044 διαβάλλοι
1054 2973 1175 3038 Φιλῖνος,
1201 2967 1224 3030 εἰ
1248 2966 1291 3044 μθ
1316 2965 1478 3048 Φεύγοιμεν

362 3092 415 3166 τὴν
446 3093 555 3166 ἡδονὴν,
586 3092 671 3156 οὶλλοδ
698 3092 917 3169 πειρώμεθα
940 3092 972 3155 νδ
996 3091 1083 3164 ἡδέως
1107 3090 1158 3156 καὶ
1183 3091 1307 3168 ὑγιεινῶς
1331 3091 1481 3169 ἐμμελέσ-

363 3241 439 3296 τερον
466 3222 644 3281 συνοικειοῦν.
670 3217 774 3297 Quare
799 3217 960 3296 πειρώμεθα
982 3217 1015 3280 in
1039 3217 1207 3282 indicativo
1231 3217 1382 3301 ponitur?
1405 3217 1482 3280 Pen-

363 3346 417 3408 det
448 3368 465 3406 a
495 3343 715 3408 coniunctione
744 3343 767 3406 ει’
799 3350 830 3406 et
854 3343 1080 3406 convertendus
1104 3341 1213 3405 modus
1236 3341 1424 3405 indicativus
1448 3342 1482 3404 in

363 3471 547 3554 optativum,
580 3476 616 3532 ut
647 3474 729 3532 reote
761 3467 877 3551 legitur
906 3469 929 3531 εἷ
953 3469 995 3546 μὴ
1019 3467 1190 3549 φεύγοιμεν.
1216 3466 1319 3551 Igitur
1341 3466 1447 3531 addito
1472 3489 1482 3528 ι

363 3595 538 3680 subscripto
560 3594 726 3678 legendum
753 3601 800 3657 est
823 3591 1053 3675 πειρῴμεθα.

407 3719 577 3784 Nonnullis
608 3718 748 3783 versibus
771 3726 841 3805 post
863 3718 980 3802 legitur
1004 3719 1035 3782 αἱ
1064 3718 1132 3798 παρ’
1157 3715 1373 3789 Εὐπόλιδος
1396 3711 1481 3794 αἶγες

363 3848 636 3927 ύνπιμαρπνροῦσινε
668 3867 786 3931 caprae,
810 3867 890 3929 quae
912 3867 930 3908 a
954 3850 1044 3929 poeto
1068 3843 1184 3906 comico
1207 3840 1360 3926 Eupolide
1384 3842 1479 3905 intro·

363 3972 524 4035 ducuntur
543 3972 575 4034 in
595 3992 728 4048 scenam,
750 3992 858 4055 caprae
878 3991 958 4053 quae
970 3969 1054 4054 apud
1066 3975 1189 4053 poetam
1202 3967 1356 4051 quendam
1368 3965 1480 4030 dixisse

362 4097 481 4180 aliquid
505 4096 679 4180 finguntur,
701 4117 764 4159 non
788 4095 857 4175 παρ’
881 4093 1053 4166 Εὐπόλιδος,
1078 4093 1179 4172 eredo,
1203 4091 1257 4156 sed
1276 4091 1345 4171 παρ’
1359 4089 1481 4156 utut-

362 4222 566 4308 λιδιοριιθ
590 4221 775 4308 Eupolidem
798 4220 856 4285 hoe
879 4219 1009 4284 faciunt.
