3388 5050
870 397 912 456 to

328 602 453 684 ἀνδρεία.
492 601 531 666 In
562 602 620 666 tali
651 626 684 666 re
714 604 867 667 articulus
895 605 1070 669 omittitur:
1102 605 1169 678 τοὺς
1199 606 1279 671 nihil
1313 614 1360 672 est
1387 606 1448 671 nisi

328 726 541 812 dittographia
563 732 637 792 nata
659 750 697 791 ex
719 729 923 813 praecedente
947 729 1013 802 ίονς.

371 1254 482 1319 Obiter
501 1254 595 1318 liceat
618 1253 696 1319 mihi
720 1254 771 1319 hio
794 1254 860 1318 illio
883 1260 1017 1339 reperta,
1036 1254 1180 1339 neglecto
1199 1254 1307 1319 ordine
1323 1255 1449 1340 pagiua·

326 1402 406 1457 rum,
440 1402 591 1465 promere.
622 1379 712 1444 Inter
741 1379 908 1464 legendum
939 1380 1147 1465 suspicionem
1179 1379 1257 1443 mihi
1281 1379 1447 1444 movebant

330 1503 404 1568 haeo
434 1505 467 1569 in
496 1527 526 1588 p.
560 1507 634 1568 811.
667 1503 701 1570 Ρ.
732 1505 764 1570 in
794 1503 874 1568 libro
897 1505 1048 1590 inscripto
1070 1504 1270 1589 „Praecepta
1293 1504 1446 1590 gerendae

332 1626 554 1714 reipublicae.”
577 1627 649 1708 Quo
671 1629 739 1694 looo
763 1627 952 1693 Plutarchus
974 1629 1113 1693 ostendit
1135 1629 1261 1713 eosqui
1281 1628 1447 1714 rempubli-

331 1775 396 1817 oam
428 1760 538 1839 gerant
561 1777 704 1838 magnam
727 1753 785 1817 sibi
808 1753 956 1818 invidiam
978 1753 1121 1834 conflare,
1145 1754 1266 1818 etiamsi
1288 1777 1336 1818 res
1359 1754 1443 1818 felici

331 1900 474 1945 suooessu
506 1885 633 1964 gerant:
666 1878 802 1962 denique
832 1901 867 1941 ea
895 1899 975 1961 quae
997 1879 1030 1941 iu
1052 1878 1145 1942 initio
1167 1879 1367 1963 magistratus
1390 1878 1445 1941 mi·

329 2009 439 2069 rantur
458 2003 548 2085 oives,
573 2010 679 2088 postea
703 2003 779 2066 verti
803 2003 835 2066 in
858 2001 1041 2066 ludibrium.
1066 2007 1203 2067 Τοιοῦτον
1227 2003 1299 2087 [τὸ],

414 2153 568 2232 Μητίοχος
592 2151 647 2230 μὲν
670 2151 727 2234 γαρ
750 2159 920 2232 στρατηγεῖ,
945 2152 1098 2232 Μητίοχος
1122 2153 1152 2217 δὲ
1174 2152 1231 2224 τοὶς
1253 2152 1341 2226 ὁδοὺς,

411 2278 566 2357 Μητίοχος
589 2278 615 2341 δ’
639 2275 742 2358 ίίρτονς
765 2279 891 2359 ἕτοττηῖ,
914 2277 1069 2357 Μητίοχος
1093 2275 1123 2342 δὲ
1146 2276 1293 2359 τᾶλφιτα,

412 2399 556 2481 Μητιίχῳ
580 2401 611 2464 δὲ
634 2400 764 2466 τοίντα
787 2409 935 2475 κεῖται,
961 2403 1114 2481 Μητίοχος
1137 2403 1164 2466 δ’
1189 2400 1353 2478 οἰμώξεται.

368 2553 406 2615 In
438 2551 532 2616 tertio
564 2572 655 2614 versu
686 2552 821 2615 ooourrit
852 2559 959 2614 eontra
983 2552 1162 2636 opinionem
1185 2553 1319 2632 dativus,
1343 2574 1441 2636 quum

322 2677 490 2761 quinquies
512 2679 686 2761 reperiatur
707 2677 936 2740 nominativus:
956 2698 1035 2759 quae
1055 2701 1103 2741 res
1116 2678 1326 2761 symmetriam
1339 2676 1443 2742 turba-

320 2810 378 2867 ret.
410 2801 472 2866 Fac
503 2809 586 2866 recte
618 2801 738 2864 dictum
773 2824 855 2864 esse:
888 2801 1034 2882 Μητιίχῳ
1058 2799 1088 2865 δὲ
1112 2801 1213 2867 τοίντα
1236 2809 1341 2874 κεῖται,
1366 2802 1444 2866 aeci-

320 2927 469 3011 piendum
492 2933 574 2991 esset
596 2927 703 3010 quasi:
730 2924 889 2989 Metiooho
909 2926 1012 2989 omnia
1034 2926 1333 3010 negotiaomnisque
1347 2927 1442 2990 moles

320 3053 445 3137 imperii
476 3050 646 3130 incumbit3
679 3058 712 3114 at
739 3051 773 3114 iu
806 3073 842 3114 ea
871 3073 904 3114 re
934 3051 1105 3134 requiritur
1128 3052 1314 3137 praepositio
1336 3054 1385 3119 ἔνι
1413 3051 1442 3116 ἔν

321 3202 374 3242 τινι
397 3186 494 3243 κεῖται
517 3180 655 3258 πρᾶγμα.
681 3177 719 3242 ol.
744 3177 896 3242 Sohaefer.
924 3177 1014 3241 Dion.
1040 3177 1147 3262 Oomp.
1172 3199 1202 3261 p.
1225 3181 1300 3242 439.
1322 3177 1442 3243 Deinde

321 3303 360 3365 of.
390 3300 499 3386 Polyb.
524 3299 582 3364 VI.
607 3303 659 3378 15,
680 3304 715 3377 ’6,
739 3299 794 3364 ubi
818 3301 966 3384 legimus:
990 3299 1041 3365 καί
1062 3300 1122 3379 μην
1145 3302 1179 3365 τί
1200 3302 1231 3379 γ’
1255 3301 1400 3373 ἐπιτελεῖς
1423 3301 1439 3376 ἢ

321 3425 364 3503 μη
396 3426 550 3504 γίγνεσθαι
579 3425 635 3496 τας
669 3425 795 3498 ἐπινοίας
824 3425 875 3490 καί
898 3425 1039 3506 τροίὲοεις
1063 3430 1119 3489 τῶν
1142 3431 1315 3506 στρατηγῶν
1338 3427 1374 3490 ἐν
1397 3434 1441 3506 τῇ

321 3549 525 3630 οννκλνίτῳ
556 3556 705 3614 κεῖταιι
737 3549 889 3633 „huJus
920 3549 979 3613 rei
999 3549 1224 3613 arbitrium
1247 3571 1369 3636 penes
1392 3573 1443 3613 se·

320 3680 457 3739 natum
483 3675 574 3738 est.'’
600 3674 719 3755 Quidni
743 3673 900 3758 legamus:

318 3975 363 4038 ita
392 3980 484 4038 utet
507 3974 686 4058 symmetria
708 3979 848 4039 servetur
871 3979 903 4038 et
926 3973 1044 4038 locutio
1066 3972 1143 4037 bene
1166 3995 1275 4058 graeca
1300 3975 1437 4039 oriatur:

319 4097 462 4166 omnibus
485 4097 577 4164 rebus
601 4097 778 4166 Metioohus
802 4101 954 4179 medetur,
979 4101 1012 4164 in
1036 4099 1180 4163 omnibus
1204 4099 1295 4163 rebus
1314 4101 1438 4186 sapiens
