3388 5050
865 515 905 573 30

370 718 555 782 Accedimus
585 719 624 784 ad
656 719 863 799 Quaestionas
894 720 1084 784 Convivales.
1118 721 1215 807 Saepe
1240 723 1321 786 iuter
1341 725 1443 807 legen-

327 841 402 904 dum
433 843 555 927 seposui
586 842 700 907 librum
735 844 873 908 taedium
904 843 981 907 mihi
1006 851 1196 908 moventem:
1222 852 1359 910 attamen
1382 847 1445 911 ine·
1496 865 1501 872 '

327 974 398 1028 rant
422 965 520 1030 multa
543 988 623 1050 quae
647 975 773 1052 propter
796 968 963 1032 stultitiam
989 975 1052 1030 tam
1078 965 1209 1031 ridicula
1232 975 1323 1032 arant
1345 976 1383 1033 ut
1406 992 1442 1033 ea

328 1094 577 1173 praetermittere
607 1113 670 1155 non
703 1113 837 1175 aequum
870 1098 1023 1176 putarem.
1048 1092 1098 1155 Tu
1124 1092 1190 1176 ipse
1213 1093 1304 1157 modo
1327 1094 1445 1179 inspice

328 1212 471 1296 paginam
508 1215 569 1278 orl
608 1213 644 1278 Β.
679 1215 713 1278 in
747 1214 928 1297 quaestione
963 1215 1069 1299 magni
1105 1217 1254 1279 momenti
1268 1218 1301 1300 (l)
1337 1226 1444 1282 utrum

328 1336 439 1400 Iudaei
462 1360 548 1402 suem
570 1346 751 1402 venerantes
774 1361 813 1402 arr
836 1339 941 1425 potius
965 1348 1151 1418 aversantes,
1175 1363 1266 1404 carne
1289 1341 1356 1404 aius
1380 1341 1446 1406 abs·

327 1462 459 1526 tineent.
489 1463 529 1526 In
558 1464 620 1526 fine
651 1471 795 1527 narratur
825 1463 931 1528 oculos
963 1487 1053 1528 suum
1087 1465 1132 1528 ita
1163 1465 1276 1529 fractos
1299 1472 1332 1528 et
1354 1465 1443 1530 humi

327 1586 442 1650 defixos
459 1610 523 1651 asse
549 1594 585 1650 ut
607 1610 769 1672 nunquam
794 1589 914 1652 eoelum
940 1611 1050 1673 resque
1074 1589 1220 1654 caelestes
1240 1591 1443 1674 conspiciant,

328 1712 399 1792 nisi
418 1712 555 1796 resupini
586 1713 720 1776 iacentes
751 1735 821 1776 sues
851 1719 959 1777 contra
990 1718 1132 1777 naturam
1156 1714 1346 1799 pupillarum
1370 1716 1443 1778 aira-

328 1835 455 1916 στροφίνν
487 1835 627 1914 λάβωσιν.
661 1836 732 1917 Qua
763 1858 794 1899 re
819 1837 932 1900 animal
955 1859 1143 1920 quamquam
1167 1837 1241 1901 alias
1265 1838 1444 1916 vociferans,

328 1959 497 2024 dummodo
521 1962 699 2044 resupinum
720 1961 828 2037 iaceat,
852 1960 1019 2024 insolentia
1042 1984 1090 2026 res
1113 1963 1262 2026 coelestes
1280 1963 1444 2041 admirans,

318 2079 412 2148 'tacet
442 2091 474 2149 et
505 2087 617 2150 maiore
642 2092 730 2150 metu
752 2087 976 2171 constringitur
998 2109 1092 2170 quam
1116 2088 1172 2170 qui
1194 2087 1344 2151 admittat
1367 2088 1446 2151 voci-

329 2210 520 2275 ferationem.
552 2231 564 2256 ·-

373 2337 410 2399 In
434 2337 578 2420 sequenti
601 2336 782 2420 quaestione
805 2337 905 2420 „quis
928 2336 968 2399 sit
987 2336 1178 2400 Judaeorum
1199 2335 1306 2415 deus'',
1326 2359 1446 2422 exspec-

329 2469 432 2526 tamus
460 2461 582 2527 doctam
608 2470 639 2526 et
663 2463 906 2548 philosophicam
932 2463 1083 2543 δινσριβίιν
1106 2464 1210 2527 studio
1234 2465 1371 2548 partium
1397 2487 1444 2528 va·

330 2610 430 2666 cuam,
455 2589 508 2652 sed
529 2587 609 2652 nihil
629 2610 735 2651 eorum
749 2587 898 2652 videmus.
913 2585 1066 2651 (lentiores
1077 2593 1201 2651 tantum
1215 2586 1305 2652 fimus
1317 2587 1446 2652 Iudaeo

330 2734 398 2776 rum
423 2713 515 2776 (lenm
540 2711 738 2776 Bacchum
765 2733 839 2789 esse,
865 2718 896 2774 et
914 2711 1137 2775 describuntur
1157 2711 1235 2774 ritus
1255 2711 1400 2775 nonnulli
1414 2719 1446 2776 et

328 2838 532 2902 caerimoniae
554 2837 716 2920 quaedam.
741 2834 780 2899 ln
806 2835 888 2898 hisee
911 2857 1021 2919 operae
1041 2838 1177 2920 pretium
1198 2842 1244 2898 est
1265 2858 1445 2901 commemo·

330 2986 397 3027 rare
415 2965 493 3028 duas
513 2962 626 3026 stultas
645 2960 856 3046 etymologias.
878 2961 1068 3038 Levitae,
1081 2983 1193 3026 nomen
1206 2984 1319 3047 purum
1333 2969 1446 3048 putum

330 3086 520 3152 Hebraicum
554 3111 572 3150 a
606 3087 731 3150 nomine
762 3087 886 3171 proprio
917 3085 1014 3149 Levi
1047 3084 1232 3162 derivatum,
1266 3086 1323 3150 hoc
1355 3087 1446 3151 modo

330 3211 521 3296 explicatur:
554 3217 631 3275 sunt
658 3211 832 3274 sacerdotes
861 3207 908 3283 οὓς
938 3208 1022 3274 arisai
1046 3210 1174 3283 Λενίσοις
1197 3210 1446 3292 προσονομάζουσι,

330 3333 387 3399 εἴτε
408 3335 489 3416 πσρὰ
510 3336 558 3400 τὸν
582 3333 697 3408 Λύσιον,
722 3333 779 3398 εἴτε
802 3338 919 3412 μᾶλλον
945 3334 1041 3418 (haud
1066 3335 1140 3398 satis
1165 3334 1297 3419 pulchra
1320 3334 1375 3399 illa
1399 3336 1449 3399 de-

330 3459 440 3523 rivatio
467 3459 495 3522 ei
520 3458 694 3543 videbatur)
719 3459 800 3540 νιοοροὶ
823 3460 869 3523 σον
894 3457 986 3532 Εὔιον,
1011 3465 1064 3532 τῆς
1084 3459 1261 3533 ἐπικλήσεως
1284 3459 1445 3537 γεγενημέ-

331 3607 391 3657 aar.
415 3583 462 3646 En
483 3583 578 3648 simul
600 3605 715 3647 novum
736 3589 957 3666 argumentum
977 3588 1118 3646 exortum
1141 3582 1232 3646 deum
1258 3582 1446 3648 Iudaeorum

250 3712 252 3716 ’
332 3731 397 3773 osse
427 3708 519 3782 Εὔιον,
544 3709 565 3771 i.
589 3732 616 3774 a.
641 3707 816 3774 Bacchum!
840 3707 1005 3773 Pulchrior
1029 3709 1121 3771 etiam
1147 3709 1334 3792 etymologia
1358 3707 1446 3771 Sah-

332 3832 526 3898 batorum·
550 3856 707 3898 sacrorum
737 3835 896 3917 sequitur:
927 3832 1072 3911 Σάββονς
1100 3833 1158 3914 γὰρ
1182 3831 1285 3897 πολλοὶ
1310 3833 1447 3912 Βάκχους

331 3963 453 4024 κιολοῦσι
481 3957 534 4023 aui
562 3960 611 4023 οὐκ
635 3957 694 4023 ἄπο
716 3958 818 4038 τρόπον
842 3960 913 4041 (uon
940 3957 1122 4033 absurdum,
1147 3956 1219 4039 sict)
1245 3981 1289 4029 τις
1313 3955 1348 4021 ἂν
1371 3957 1447 4038 <pala

331 4081 459 4161 νοῦνομνι
489 4085 660 4156 σεσοιῆσθιιι
689 4081 758 4164 πρός
788 4105 854 4146 τινοι
885 4080 1067 4158 σόβησιν,
1091 4078 1107 4154 ἣ
1131 4081 1343 4161 castigareris
1367 4081 1447 4160 βοοκ-

238 4275 241 4280 ,
333 4205 486 4286 χεύονσνις.
519 4206 563 4270 Et
593 4206 668 4270 haec
694 4207 798 4271 omnia
828 4207 906 4271 aerio
929 4213 1104 4286 narrantur,
1127 4207 1216 4290 quasi
1239 4207 1284 4270 nil
1309 4207 1448 4291 probabi·
