3388 5050
807 461 848 520 53

782 761 871 827 XVI.

311 971 380 1036 Liv.
411 971 469 1049 IV,
501 995 526 1035 c.
561 975 613 1034 24.
647 971 747 1052 (Edit.
775 971 825 1036 W.
850 971 1097 1057 Weissenborn).
1121 972 1283 1057 Leigitur:
1311 972 1388 1037 alios

268 1098 469 1182 magistratus
492 1118 612 1160 annuos
635 1117 710 1175 esse,
731 1096 998 1181 quinquennalem
1020 1119 1192 1161 censuram.
1211 1119 1305 1181 grave
1324 1121 1388 1161 esse

267 1221 364 1286 isdem
387 1244 444 1307 per
466 1227 515 1285 tot
537 1243 635 1284 annos
660 1222 816 1305 [magnam
840 1228 958 1305 partem
983 1222 1079 1305 vitae]
1104 1220 1253 1285 obnoxios
1275 1221 1387 1300 rivere,

267 1370 299 1410 se
329 1346 429 1430 legem
460 1347 611 1423 laturum,
640 1369 680 1410 ne
712 1346 783 1430 plus
813 1368 907 1429 quam
931 1369 1035 1410 annua
1057 1369 1093 1410 ac
1117 1347 1297 1411 semenstris
1319 1369 1389 1410 oen·

267 1495 340 1536 sura
363 1478 453 1536 esset.
477 1470 618 1535 Delenda
642 1479 717 1534 sunt
740 1492 821 1555 qnae
843 1471 968 1535 inclusi.

775 1680 882 1747 XVII.

312 1889 405 1953 Corn.
438 1887 521 1974 Nep.
552 1889 618 1953 Vit.
650 1887 788 1954 Hannib.
813 1913 840 1954 c.
867 1893 918 1954 10.
943 1891 1074 1955 Editur:
1100 1891 1271 1976 Imperavit
1293 1912 1387 1974 quam

274 2014 424 2100 plurimas
447 2022 614 2079 venenatas
638 2023 797 2102 serpentes
820 2015 904 2079 vivas
927 2015 1042 2100 colligi,
1066 2038 1178 2099 easque
1200 2016 1233 2079 in
1252 2038 1323 2079 vasa
1339 2017 1390 2079 fic·

267 2141 336 2203 tilia
369 2139 491 2205 coniici.
521 2139 642 2204 Harum
671 2162 769 2225 quum
802 2141 1056 2205 confecisset
1079 2163 1221 2224 magnam
1247 2140 1389 2204 multitu·

268 2265 384 2344 dinem,
419 2273 568 2330 convocat
600 2265 780 2330 classiarios.
814 2265 1005 2330 Mutandum
1036 2266 1144 2330 credo:
1176 2287 1274 2349 quum
1305 2287 1391 2329 con·

267 2388 454 2472 legisset.

763 2552 891 2618 XVIII.

312 2746 398 2812 Caes.
430 2748 508 2812 Bell.
533 2748 614 2812 Gall.
642 2752 671 2826 2,
697 2750 748 2812 20.
773 2747 832 2812 His
855 2747 1096 2813 difficultatibus
1119 2748 1200 2813 duae
1225 2754 1387 2812 reserant

146 2933 150 2940 .
267 2870 405 2935 subsidio
441 2872 584 2958 [scientia
618 2880 712 2956 atque
748 2895 822 2936 usus
856 2872 1021 2956 militum],
1057 2873 1142 2956 quod
1175 2871 1388 2958 superioribus

267 2997 393 3080 proeliis
425 2998 595 3076 exercitati,
627 2998 704 3081 quid
735 2999 802 3062 fieri
826 3005 993 3084 oporteret,
1016 3020 1079 3062 non
1104 2999 1207 3062 minus
1230 2997 1389 3062 commode

266 3121 326 3208 ipsi
356 3122 416 3187 sibi
440 3124 646 3208 praescribere
670 3147 764 3208 quam
787 3123 826 3188 ab
849 3124 918 3188 aliis
941 3126 1044 3189 doceri
1069 3130 1224 3209 poterant,
1250 3131 1282 3186 et
1304 3122 1389 3206 quod

267 3245 305 3309 ab
330 3269 422 3331 opere
445 3249 639 3332 singulisque
663 3249 842 3334 legionibus
864 3249 1003 3332 singulos
1024 3249 1143 3332 legatos
1163 3248 1275 3312 Caesar
1294 3248 1412 3321 disces

267 3370 340 3435 dere
364 3371 426 3435 nisi
451 3373 582 3436 munitis
605 3375 713 3437 castris
736 3381 890 3438 vetuerat.
912 3374 1054 3438 Delenda
1072 3381 1147 3437 sunt
1166 3395 1247 3456 quae
1263 3373 1388 3436 inclusi.

781 3581 873 3646 XIX.

311 3779 431 3844 Justin.
465 3782 516 3858 12,
542 3783 572 3842 8.
595 3778 705 3843 Motus
730 3777 930 3861 (Alexander)
955 3777 1005 3841 his
1029 3785 1092 3840 tam
1117 3777 1209 3841 iustis
1232 3776 1387 3863 precibus,

268 3905 355 3969 velut
388 3905 422 3968 in
454 3904 548 3968 linem
583 3903 738 3978 victoriae,
768 3910 868 3966 castra
899 3902 992 3966 solito
1025 3901 1290 3985 magnificentiora
1321 3901 1388 3965 fieri

266 4031 368 4109 iussit,
404 4051 539 4113 quorum
572 4027 788 4092 molitionibus
818 4035 850 4091 et
881 4027 979 4091 hostis
1010 4032 1181 4090 terreretur
1203 4032 1235 4088 et
1256 4024 1388 4110 posteris

267 4155 432 4245 admiratio
451 4154 502 4219 sui
521 4153 762 4238 relinqueretur.
784 4152 921 4216 Nullum
931 4175 1010 4239 opus
1021 4151 1138 4215 milltes
1149 4150 1265 4215 laetius
1277 4150 1386 4214 fecere.
