3388 5050
782 451 819 510 21

231 657 283 723 κοιδ
314 659 448 723 τιιιιεινδν
477 660 526 722 τὸν
555 657 751 736 ἀδικούμενον,
775 655 856 732 ιιῦξει
879 656 910 723 δὲ
933 657 1087 739 θονούτητι
1110 657 1161 723 rai
1185 657 1282 738 τόλμῃ
1307 657 1355 722 τὸν

237 782 391 863 μοχθηρόν,
422 805 502 866 quoe
530 782 681 866 leguntur
711 805 742 867 p.
777 785 850 846 548.
883 781 922 845 D.
955 781 1064 846 Sedem
1088 782 1185 866 igitur
1208 781 1294 859 μόλις
1316 781 1357 845 διν-

238 929 274 970 eo
304 907 373 970 loeo
397 906 435 970 de
459 929 521 990 quo
544 909 659 992 agitur,
682 931 743 971 non
769 907 878 971 habet:
902 907 1037 970 oriretur
1060 907 1141 970 euim
1165 907 1256 991 plane
1280 929 1351 971 eon·

235 1033 330 1100 traria
350 1034 523 1097 sententia:
541 1035 633 1111 „vim
654 1056 752 1119 paene
774 1056 879 1098 seeum
898 1034 992 1097 homo
1004 1031 1163 1118 improbus
1176 1035 1355 1118 reputaret’'

233 1158 253 1220 i.
279 1179 306 1220 e.
331 1179 393 1221 non
424 1179 529 1221 seeum
553 1156 722 1242 reputabit,
746 1181 808 1222 non
835 1158 872 1222 ad
898 1158 1063 1234 meliorem¹
1080 1159 1200 1243 frugem
1226 1159 1356 1224 redibit:

235 1302 327 1364 quarn
352 1281 476 1344 obrem
501 1281 646 1346 lubenter
670 1283 785 1368 recipio
807 1281 1056 1346 emendationem
1081 1305 1099 1346 a
1122 1283 1357 1367 Wyttenbachii

236 1428 330 1469 manu
353 1406 533 1490 profectam,
557 1429 575 1469 a
598 1404 747 1470 Diibnero
771 1414 874 1470 tamen
899 1428 961 1470 non
987 1403 1164 1488 probatam:
1191 1407 1354 1486 μάλιστ’

232 1528 283 1593 ἄν.
308 1529 358 1594 Sie
380 1531 443 1594 leni
468 1531 640 1594 mutatione
668 1530 759 1610 faeta,
783 1531 887 1594 omnia
910 1537 993 1594 recte
1017 1531 1199 1615 procedunt.
1293 1588 1303 1594 .

280 1825 310 1886 p.
346 1805 419 1865 549.
455 1800 489 1865 F.
525 1801 586 1865 Rea
627 1802 750 1866 diuinas
784 1802 978 1886 deorumque
1014 1803 1139 1866 consilia
1174 1804 1357 1887 perspicere,

236 1926 351 2011 quippe
382 1948 480 2010 quum
512 1925 651 1991 homines
674 1927 781 2004 simus,
805 1927 931 1990 difficile
954 1934 1011 1990 est.
1036 1927 1103 1992 Nos
1127 1927 1217 2010 quasi
1240 1927 1358 1992 tirones

236 2051 390 2114 artificum
422 2051 560 2113 animum
586 2049 808 2134 investigamus
832 2051 892 2114 οἷοιδ
916 2047 1001 2124 δόξης
1024 2049 1077 2114 eal
1100 2051 1234 2122 ὑπονοίαις
1257 2051 1358 2115 κοντοὶ

236 2175 275 2239 τὸ
307 2174 385 2239 εἷκό
392 2201 415 2247 ς.
446 2174 536 2254 Quae
566 2183 720 2259 post-reme
754 2175 846 2238 verba
866 2175 1042 2259 significant
1060 2197 1128 2252 „ex
1152 2182 1257 2239 nostra
1279 2175 1358 2261 ipso

234 2322 304 2363 rum
338 2299 484 2385 opinione
520 2306 553 2364 et
588 2301 779 2379 coniectura,
813 2323 850 2364 ex
881 2301 919 2364 iis
949 2322 1029 2384 quae
1052 2323 1108 2364 uos
1132 2301 1357 2386 suspicamur.''

236 2423 386 2507 Sequitur
418 2424 500 2489 ιιιιτιδ
530 2424 563 2488 τὸ
595 2423 678 2497 εἰκός,
710 2426 732 2487 i.
764 2447 790 2488 e.
824 2473 843 2499 ,‚
853 2446 889 2486 ex
912 2424 951 2487 iis
972 2446 1052 2507 quae
1075 2423 1246 2510 probabilia
1269 2423 1359 2488 nobis

235 2548 393 2626 videntur,
412 2550 583 2613 seeundum
607 2549 639 2614 id
659 2549 744 2632 quod
766 2548 855 2612 nobis
875 2571 930 2633 par
949 2572 1014 2612 esse
1035 2547 1190 2612 videtur.''
1203 2547 1263 2610 Sed
1276 2548 1357 2611 inter

235 2675 335 2760 prima
358 2673 448 2737 verba
469 2682 500 2737 et
523 2676 555 2739 τὸ
577 2675 651 2745 εἰκὸς
675 2696 784 2759 parum
804 2680 861 2737 aut
879 2673 959 2738 nihil
979 2674 1129 2737 interesse
1148 2672 1257 2751 vide03
1278 2695 1359 2756 quae

236 2797 348 2860 ultime
383 2796 473 2860 verba
508 2799 539 2861 in
576 2798 648 2861 stilo
683 2798 881 2874 Plutaroheo,
914 2799 947 2861 in
978 2799 1117 2862 oratione
1150 2797 1358 2875 τούτολογῖοιις

235 2920 408 2986 abundanti
441 2922 515 2985 terri
549 2922 678 2986 fortasse
713 2928 855 3008 possunt,
888 2923 939 2986 sed
973 2924 1080 3008 potius
1109 2921 1191 2987 κοιτιὶ
1221 2923 1254 2986 τὸ
1286 2922 1359 2993 εἰκὸς

237 3045 412 3109 deleverim.

281 3166 439 3232 Continuo
469 3169 545 3232 haee
574 3175 771 3252 sequuntur:
801 3171 832 3234 οὐ
863 3168 921 3250 γὰρ
952 3169 1047 3250 tarpaei
1070 3169 1126 3247 μὲν
1149 3168 1262 3242 ἰδιώτην
1285 3167 1356 3232 tuve

236 3293 407 3371 συμβαλεῖν
439 3295 581 3371 λογισμὸν
614 3295 651 3367 ὥς
681 3292 811 3374 πρότερον
835 3295 886 3358 οὐκ
909 3292 1013 3371 ἔτεμεν
1035 3294 1107 3357 ἀλλ’
1131 3291 1254 3372 ὕστερον,
1278 3291 1357 3373 ἔργον

237 3419 310 3482 ἐστι’·
340 3417 403 3498 περὶ
435 3421 502 3482 θεῶν
529 3419 569 3492 δὲ,
594 3419 693 3492 θνητὸν
716 3419 808 3501 ῥᾴδιον
832 3417 848 3492 ἢ
870 3417 994 3495 βέβοιιον
1015 3418 1105 3482 εἰπεῖν
1122 3417 1198 3482 ἄλλο
1217 3417 1295 3490 πλὴν
1319 3417 1361 3482 ὅτι

237 3551 269 3606 et
288 3565 368 3626 quae
384 3553 562 3626 sequuntur
575 3541 609 3627 ¹).
630 3543 757 3607 Excidit
776 3543 880 3606 neseio
899 3565 962 3626 quo
983 3541 1073 3607 modo
1093 3549 1164 3627 post
1183 3543 1281 3617 θνητὸν
1295 3565 1362 3628 par·

240 3667 385 3752 ticipium
415 3666 525 3740 ὄντα,
558 3666 642 3751 quod
666 3667 837 3731 necessario
861 3667 1033 3750 requiritur
1056 3673 1093 3730 ut
1115 3664 1298 3750 respondeat
1321 3667 1361 3746 τῷ

274 3985 294 4049 ¹)
318 3986 349 4034 In
374 3984 456 4033 verbio
477 3985 561 4033 citatis
584 3984 651 4034 aliud
674 4001 768 4049 quoque
786 3984 873 4033 vitium
891 3983 966 4033 lutet:
986 3982 1061 4048 ῥᾴδιον
1079 3981 1093 4040 li
1111 3981 1209 4045 βέβαιον
1227 3982 1292 4032 nibil
1310 3987 1366 4040 eat5
1441 3973 1443 3976 ⁵

244 4093 299 4126 vere
316 4077 427 4126 Atticum
445 4081 509 4124 emet
525 4076 578 4139 ῐᾷον
595 4073 609 4131 ll
627 4077 778 4136 βεβαιότερον
795 4075 905 4135 (facilius
924 4091 995 4139 quam
1014 4073 1178 4139 prudentius),
1194 4073 1236 4122 eod
1252 4074 1277 4122 iu
1288 4072 1362 4137 aerip-

240 4174 292 4216 tore
310 4167 391 4231 qualis
408 4171 445 4215 eet
461 4165 608 4215 Plutarchus
625 4166 729 4215 euffieiet
745 4165 817 4215 credo
835 4166 857 4214 ai
872 4165 980 4230 corrigas
997 4164 1049 4229 ῥᾷον
1066 4163 1080 4220 l}
1098 4161 1201 4226 βέβαιον.
