3388 5050
258 772 288 834 p.
315 751 389 813 507.
415 748 451 813 B.

390 878 503 953 Μιαροῦ
525 872 584 953 γὰρ
606 875 640 938 εἰι
662 880 837 953 λαμπτῆρος
860 873 967 937 Ἰδαῖον
990 872 1087 945 λέπας

392 999 523 1079 πρήσειεν
543 999 580 1062 ἄν
603 1023 658 1072 τις,
681 998 749 1064 καὶ
772 1001 842 1078 πρὸς
864 998 942 1081 ἄνδρ’
962 1001 1078 1064 εἰπὼν
1100 998 1162 1073 ἕνα,

391 1123 517 1189 πύθοιντ’
541 1122 578 1188 ἂν
600 1123 687 1189 dorni
710 1123 830 1198 πάντες.

259 1261 343 1326 Talis
365 1261 578 1327 nominativus
601 1261 765 1335 absolutus
787 1261 891 1346 qualis
915 1262 975 1327 hoe
997 1263 1065 1328 loeo
1083 1263 1201 1347 legitur
1221 1263 1340 1328 εἰπών

216 1409 370 1470 nusquam
394 1388 539 1452 occurrit.
563 1387 689 1451 Intacta
712 1395 812 1451 metro
836 1388 916 1452 hanc
940 1387 1091 1452 medelam
1115 1411 1273 1474 propono:

393 1524 525 1604 πρήσειεν
547 1523 584 1587 ἴον
607 1548 661 1597 τις,
683 1522 753 1590 κᾶν
776 1525 844 1604 πρὸς
867 1523 946 1604 ἄνδρ’
970 1522 1081 1604 εἴπῃς
1105 1523 1166 1597 ἕνα,

260 1766 291 1828 p.
318 1747 391 1808 508.
419 1746 457 1808 A.
478 1743 672 1822 Φούλβιος
691 1744 722 1808 δὲ
742 1743 755 1809 ὁ
776 1745 919 1825 Καίσαρος
938 1744 1049 1825 ἑταῖρος
1069 1753 1341 1830 etquaesequun-

216 1877 280 1932 tur.
312 1869 456 1948 Φούλβιος
485 1878 523 1933 nt
553 1876 636 1934 recte
669 1876 776 1933 monet
806 1869 993 1934 Meziriaens
1025 1869 1213 1934 mutandum
1236 1878 1283 1934 est
1306 1872 1339 1935 in

218 1993 374 2071 Φάβιος.
406 1995 445 2059 cf.
469 1994 540 2057 Tac.
566 1996 650 2058 Anu.
677 1997 707 2072 l,
734 1997 752 2057 5
776 1993 832 2057 ubi
854 2001 922 2057 tota
946 1994 1074 2058 historia
1098 1995 1250 2059 concinne
1272 2017 1340 2057 nar-

217 2125 306 2182 ratur
328 2121 468 2203 quamvis
490 2141 539 2183 res
562 2120 658 2183 alium
681 2119 795 2183 habeat
818 2120 948 2184 exitum.

262 2365 293 2427 p.
318 2345 391 2406 508.
417 2341 455 2405 D.
480 2341 573 2422 ὥσπερ
595 2342 620 2407 οἱ
642 2343 750 2415 παῖδες
767 2343 816 2406 τὸν
834 2341 1015 2423 κρύσταλλον
1035 2341 1100 2407 οὔτε
1117 2342 1258 2422 κατέχειν
1274 2343 1340 2408 οὔτε

216 2467 340 2548 ἀφεῖναι
363 2465 498 2531 θέλουσιν.
525 2465 641 2530 Verum
666 2467 745 2531 vidit
763 2465 837 2530 cob.
858 2467 976 2532 Mnem.
998 2466 1056 2547 VI,
1077 2471 1106 2532 l.
1127 2491 1196 2554 pag.
1218 2471 1270 2546 19,
1283 2469 1339 2552 qui

218 2599 287 2678 post
309 2592 448 2673 κατέχειν
470 2593 581 2658 inserit
600 2591 747 2657 δύνανται.

261 2828 293 2891 p.
318 2808 393 2869 508.
416 2803 451 2868 F.
474 2803 728 2883 ἀμωσγέπως.
754 2804 922 2889 legendum
947 2811 995 2868 est
1018 2803 1274 2882 οὶμωςγέπως.

264 3134 294 3196 p.
317 3114 391 3176 510.
412 3114 451 3176 A.
471 3108 739 3192 ἐξαγορεῦσαι.
761 3111 864 3175 dicere
877 3112 1017 3198 oportuit
1035 3108 1220 3186 ἐξειπεῖν.
1235 3111 1283 3175 Ib.
1297 3109 1335 3174 Ε.

219 3237 275 3300 ἀπ’
298 3238 393 3300 αιἰιιῖιν
414 3236 569 3314 γινομένων
588 3237 775 3300 mutandum
796 3237 829 3300 iu
848 3238 899 3299 ὑπ’
919 3235 1338 3311 αιίπῶν;ι1οἱιι(1οκ’.εόικέναι

221 3360 298 3425 bene
320 3383 465 3446 graecum
488 3369 568 3426 esset
591 3361 702 3426 εἰκέναι.
729 3361 826 3426 Haud
849 3363 894 3426 ita
916 3362 1017 3425 multo
1035 3370 1106 3447 post
1125 3362 1258 3446 legitur:
1280 3361 1339 3426 Καὶ

219 3486 234 3550 ι’
251 3492 419 3568 Λυκοῦργος
436 3488 477 3559 εἰς
495 3487 607 3560 ταύτην
626 3486 680 3560 τὴν
699 3485 848 3560 aerata-ara
866 3485 932 3559 τοὺς
949 3486 1074 3558 πολίτας
1085 3486 1167 3559 εὐθὺς
1178 3487 1211 3550 εἰι
1223 3486 1339 3550 παίδων

221 3621 257 3693 πῇ
285 3621 378 3693 σιωπῇ
402 3611 541 3692 πιέζων
563 3619 673 3689 συνῆγε
695 3619 769 3678 cett.
793 3611 942 3695 Aliquem
965 3611 1156 3674 assuefacere
1178 3617 1215 3674 ut
1237 3617 1339 3675 taceat

221 3737 290 3814 erit,
317 3738 437 3822 opinor,
460 3737 558 3818 ε’έῖζειν
576 3747 613 3818 τῇ
632 3747 725 3818 σιωπῇ
746 3759 820 3815 non,
841 3744 877 3800 ut
896 3736 1102 3820 hiolegimus,
1115 3735 1230 3816 πιέζειν.
1244 3736 1339 3821 Apud

221 3862 335 3926 scribas
364 3863 569 3926 dormitantes
596 3863 687 3926 facile
717 3868 882 3936 ΠΙΕΖΩΝ
912 3872 945 3926 et
977 3867 1139 3936 ΕΘΙΖΩΝ
1172 3861 1342 3925 maturiet

222 3987 369 4052 confundi
401 3995 531 4072 potuere
538 4016 549 4066 ;
580 4010 673 4071 quarn
704 3986 743 4051 ob
775 4011 839 4051 rem
862 3987 1031 4072 legendum
1054 4009 1164 4051 censeo
1186 3995 1223 4068 τῇ
1247 3996 1341 4067 σιωπῇ

222 4112 362 4193 ἐθίζων.
397 4111 535 4177 Verbum
566 4112 673 4193 πιέζειν
703 4114 827 4200 proprie
857 4113 897 4176 de
920 4114 958 4177 iis
980 4113 1098 4177 dicitur
1121 4112 1176 4197 qni
1200 4111 1343 4176 manibus

221 4261 331 4324 paam
362 4247 419 4304 aut
448 4239 510 4303 alia
539 4239 720 4303 huiusmodi
744 4245 901 4323 premunt,
926 4244 963 4302 ut
986 4237 1070 4322 apud
1093 4237 1194 4323 ipsum
1217 4236 1341 4302 Plutar-
