3388 5050
902 499 921 558 2

352 709 432 776 στοῒς
453 701 644 782 ἀδολέσχαις.
670 703 844 769 iucundius
867 712 914 767 est
933 726 1004 768 eum
1021 705 1124 789 pravis
1144 705 1322 770 hominibus
1334 705 1471 790 colloqui

352 827 408 911 qui
430 827 597 911 eleganter,
623 834 751 892 venuste
775 833 807 891 et
829 835 1003 913 opportune
1026 827 1118 893 verba
1142 829 1267 909 faciant,
1288 851 1381 913 quam
1398 851 1469 893 eum

351 952 455 1037 probis
496 952 640 1036 garrulis.
676 952 762 1017 Haec
795 975 903 1036 graece
939 953 1157 1038 exprimuntur
1192 951 1267 1028 ἥδιον
1301 953 1315 1018 ό
1323 961 1468 1032 μιλεῖν.

351 1076 468 1141 Nullus
489 1076 576 1141 locus
599 1083 646 1141 est
668 1077 841 1162 participio.

394 1399 426 1462 p.
451 1379 524 1439 504.
550 1375 584 1440 F.
608 1375 667 1456 ἀφ’
691 1369 727 1440 όν
751 1373 954 1456 όανριοόζεσόαι
977 1375 1054 1459 (scil.
1079 1374 1202 1463 οἴονται)
1228 1376 1469 1456 καταγελώμενοι

350 1499 402 1565 καὶ
432 1501 468 1566 δι’
500 1496 536 1565 ὧν
565 1501 724 1580 Φιλεῖσόαι,
757 1498 1016 1579 δυσχεραινόμενοι.
1042 1497 1128 1563 Noto
1152 1501 1227 1564 vitio
1249 1501 1399 1585 scripturn
1423 1508 1469 1564 est

349 1625 414 1706 αφ’
439 1620 482 1688 ὧν
506 1646 562 1710 pro
586 1623 646 1704 ὑφ’
671 1618 715 1687 ὧν
739 1621 940 1702 όανμόζεσόαι
963 1619 1075 1687 οἴονται.

394 1932 424 1995 p.
451 1911 523 1973 505.
548 1909 584 1973 B.
610 1909 647 1972 ‘O
674 1906 796 1979 Σύλλοις
818 1906 1012 1981 ἐνέπλησε
1038 1905 1113 1992 (τόις
1136 1907 1284 1993 Ἀθήνας)
1307 1907 1395 1987 Φόνου
1416 1907 1467 1972 καὶ

349 2037 458 2114 νεκρῶν.
489 2030 679 2097 Mutandum
703 2030 900 2104 ἀνέπλησε
922 2029 1006 2115 quod
1030 2053 1150 2115 semper
1174 2032 1290 2094 dicitur
1315 2031 1353 2095 de
1377 2031 1468 2095 rebus

349 2156 437 2221 malis
459 2157 654 2239 sordidisque
673 2154 788 2240 quibus
807 2154 926 2238 aliquid
946 2155 1113 2240 impletur:
1134 2154 1347 2234 ε’ριπιμπλόναι
1360 2163 1467 2221 contra

348 2285 525 2345 constanter
547 2281 579 2344 in
603 2303 660 2344 usu
686 2286 734 2344 est
757 2279 909 2344 derebus
932 2279 1020 2344 bouis
1043 2286 1075 2343 et
1096 2280 1216 2343 faustis.

393 2589 423 2652 p.
450 2569 524 2632 506.
549 2565 583 2628 F.
608 2564 732 2629 Multus
755 2570 801 2628 est
825 2570 928 2628 noster
950 2564 983 2629 in
1006 2564 1245 2630 demonstrando
1268 2587 1362 2649 quarn
1385 2564 1466 2650 peri-

349 2691 490 2755 culosum
522 2691 563 2754 sit
592 2711 702 2753 arcana
733 2687 791 2752 sibi
821 2689 982 2752 commissa
1012 2689 1082 2753 aliis
1105 2711 1238 2753 narrare.
1264 2687 1349 2754 Audi
1374 2689 1464 2752 modo

348 2818 468 2900 ipsum:
499 2812 554 2878 κόιν
585 2814 640 2892 μὲν
668 2814 773 2885 ἐκεῖνος
808 2813 871 2895 (cui
902 2820 1053 2878 secretum
1086 2814 1278 2897 commisisti)
1303 2812 1396 2891 όμοιός
1420 2837 1463 2877 σοι

346 2939 479 3018 γένηται,
503 2939 618 3010 δικαίως
640 2936 811 3010 οέπόλαλας·
832 2936 869 3001 όιν
887 2935 917 3002 δὲ
937 2937 1071 3015 βελτίων,
1092 2937 1175 3018 σώζει
1196 2939 1250 3022 (sic
1267 2939 1349 3002 enim
1361 2938 1465 3022 legon-

347 3063 421 3126 dum
457 3069 534 3147 puto
569 3083 624 3146 pro
659 3060 757 3146 σόζρ)
792 3060 978 3141 παραλόγως,
1010 3059 1100 3142 ἕτερον
1132 3062 1214 3142 εὑρὼν
1246 3063 1315 3142 ὑπὲρ
1339 3067 1464 3128 σεαυτοῦ

347 3185 519 3267 πιστότερον.
553 3184 731 3269 significare
755 3185 847 3249 debet
870 3186 960 3265 ὑπὲρ
982 3191 1147 3250 σεαυτοῦ
1171 3192 1241 3248 tua
1264 3208 1403 3265 causa,
1427 3187 1465 3250 in

347 3317 456 3376 tuam
485 3312 669 3394 gratiam.
697 3309 757 3374 Sed
781 3309 858 3373 haec
882 3309 1010 3373 minime
1035 3310 1191 3395 eleganter
1214 3333 1356 3396 expressa
1380 3317 1466 3389 sunt,

348 3459 449 3521 neque
479 3437 538 3499 hoc
566 3436 645 3513 vult,
677 3436 835 3499 hominem
865 3437 997 3499 tacitum
1021 3436 1054 3499 in
1077 3437 1209 3520 gratiam
1232 3437 1350 3521 garruli
1374 3436 1466 3500 amici

347 3562 507 3626 reticuisse
530 3583 693 3624 arcanum:
719 3560 777 3624 hoc
794 3583 852 3626 nec
871 3583 942 3624 cum
961 3561 1156 3624 sententibus
1175 3561 1320 3645 congruit
1340 3568 1372 3624 et
1384 3563 1465 3626 reiu-

347 3694 434 3752 tatur
469 3686 534 3772 ipso
568 3686 660 3750 verbo
695 3685 858 3766 πιστότερον
889 3686 920 3748 in
953 3686 1038 3769 quod
1070 3687 1180 3750 recidit
1203 3693 1269 3750 tota
1293 3687 1465 3771 emphasis:

346 3811 565 3876 tantummodo
584 3810 740 3875 indicatur
751 3812 852 3875 ἐκεῖνον
864 3833 928 3874 εεεε
942 3811 1066 3875 maioris
1078 3811 1150 3876 fidei
1162 3833 1255 3895 quam
1270 3816 1306 3874 tu
1320 3833 1361 3874 es.
1376 3811 1466 3874 Nihil

349 3959 426 4022 opus
449 3943 495 4000 est
517 3936 617 4019 igitur
641 3934 732 3998 verbo
756 3935 842 4016 ὑπέρ;
868 3935 997 3999 fortasse
1017 3943 1125 3999 natum
1147 3944 1195 4000 est
1213 3959 1250 4000 ex
1263 3937 1466 4021 praecedente

347 4061 446 4141 εὑρόνι
489 4082 581 4144 quam
624 4059 662 4125 ob
696 4082 759 4126 rem
797 4060 957 4124 molestam
993 4061 1252 4145 praepositionem
1288 4084 1466 4147 expungen-

347 4183 418 4248 dam
441 4206 561 4249 censeo.
