3388 5050
782 492 823 553 35

288 701 385 765 Plura
407 709 482 766 sunt
501 702 641 787 exempla
660 701 795 786 perversi
816 722 946 764 casuum
968 722 1053 777 usus,
1066 721 1200 783 qnorum
1214 699 1366 763 nonnulla

247 832 435 908 sequuntur.
460 824 609 909 Legimus
632 847 662 909 p.
688 828 762 890 764.
786 824 843 889 C.:
868 825 955 897 ὡςδὲ
975 821 1053 898 ἱίλιος
1072 824 1105 888 έκ
1124 828 1218 904 νεφῶν
1237 822 1288 886 acl
1302 823 1367 900 μεθ’

244 950 375 1029 ὀμίχλην
398 949 570 1031 θερμότερος,
593 947 681 1021 οὕτως
704 947 798 1030 Ἔρως
822 950 890 1027 μετ’
911 951 1027 1029 ὀργης
1046 947 1099 1012 real
1119 948 1368 1028 ζηλοτυπίαις

244 1073 382 1154 ἐρωμένου
413 1074 626 1152 διολλοιγέντος
656 1073 732 1147 ἥδιον
762 1073 814 1137 κοιί
847 1073 1019 1154 δριμύτερον,
1051 1073 1107 1137 ubi
1129 1074 1298 1157 legendum
1322 1079 1369 1136 est

246 1199 315 1274 μετ’
346 1199 464 1278 σ’ργοὶς
494 1197 547 1263 κοιί
579 1198 840 1278 ζηλοτνσίοιςι
873 1199 916 1262 sic
946 1198 1072 1261 demum
1097 1198 1180 1261 enim
1203 1197 1367 1261 antithesis

246 1321 330 1385 inter
360 1323 423 1386 duo
455 1322 592 1386 membra
622 1330 763 1386 servatur
787 1328 819 1384 et
843 1345 916 1385 sana
940 1323 1095 1385 sententia
1118 1323 1238 1386 oritur:
1261 1323 1371 1385 inter

247 1445 347 1508 iram
370 1453 402 1509 et
425 1447 676 1522 aemulationem,
700 1465 785 1510 cum
808 1447 868 1509 ira
891 1453 923 1508 et
942 1446 1151 1509 aemulatione
1171 1446 1372 1531 planeexpli-

248 1570 312 1632 cari
342 1592 404 1633 nou
428 1576 540 1654 potest.
567 1571 618 1636 Sic
640 1593 671 1654 p.
698 1571 771 1633 784.
795 1569 829 1632 F.
854 1569 908 1633 ubi
933 1569 1123 1634 Plutarchus
1146 1571 1246 1655 ipsius
1269 1569 1372 1634 Xeno-

250 1695 376 1779 phontis
401 1695 502 1759 verbis
525 1694 649 1772 laudern
674 1695 811 1778 Agesilai
837 1695 992 1772 describit,
1015 1695 1150 1780 legitur:
1171 1696 1215 1768 τίς
1239 1696 1271 1759 δὲ
1293 1719 1372 1773 σομ-

251 1817 366 1897 μοίχοις
390 1817 490 1899 ίοίρσος
514 1818 663 1900 σοιρέσχεν
687 1818 703 1892 ἢ
728 1820 910 1896 Ἀγησίλοιος
934 1819 1038 1900 κοιίντερ
1060 1818 1114 1893 ἤδη
1139 1821 1207 1901 πρὸς
1225 1821 1258 1884 τὸ
1278 1819 1373 1900 τέρμοι

250 1949 301 2007 τοῦ
333 1942 397 2021 βίον
428 1943 479 2018 ὤνς
513 1943 578 2007 Ubi
611 1944 712 2028 primo
743 1951 814 2028 post
843 1944 943 2024 ίοίρσος
967 1945 1083 2007 excidit
1105 1943 1206 2024 μεῖζον
1229 1951 1286 2008 aut
1308 1944 1373 2008 tale

250 2065 336 2150 quid,
360 2067 443 2130 sicut
465 2067 498 2130 in
521 2067 779 2152 praecedentibus
803 2067 936 2152 legitur:
961 2076 1005 2140 τίς
1029 2066 1101 2132 οὕτω
1124 2067 1249 2149 Φοβερὸς
1273 2063 1306 2142 ἦν
1330 2071 1367 2140 ὠς

251 2189 443 2268 Ἀγησίλοοος,
468 2199 500 2254 et
521 2191 594 2262 τίνος
614 2193 740 2256 ε’κττοδὼν
759 2191 914 2270 γενομένου
938 2198 1078 2270 μᾶλλον
1098 2189 1229 2266 ἥσθησοιν
1250 2193 1274 2256 οἱ
1285 2193 1374 2256 πολέ-

252 2339 320 2394 μιοι,
341 2322 374 2379 et
395 2317 429 2379 in
451 2317 489 2380 iis
512 2339 593 2400 quae
616 2324 792 2400 sequuntur
812 2318 879 2382 τίνοι
904 2318 928 2382 οἱ
950 2318 1031 2399 φίλοι
1054 2317 1164 2381 πλέον
1187 2317 1332 2392 εἰτίίησοον
1356 2317 1372 2393 ἢ

251 2440 451 2516 ’Λγησίλοιονς
484 2439 606 2503 Deinde
636 2443 704 2521 πρὸς
734 2443 774 2506 τὸ
803 2441 925 2521 τέρμιι
948 2443 1135 2506 mutandum
1159 2442 1220 2505 erit
1242 2443 1276 2505 in
1305 2444 1374 2524 πρὸς

251 2567 299 2646 τῷ
321 2565 499 2646 τέρμοιτι.
525 2564 573 2630 cf.
597 2567 711 2650 Euripi
729 2568 879 2631 Androm.
904 2591 946 2630 vs.
970 2571 1053 2630 1082
1074 2567 1129 2631 ubi
1142 2566 1254 2631 Peleus
1266 2568 1371 2651 despe-

252 2712 323 2754 rans
347 2691 517 2755 exclamat:

432 2811 576 2897 ὦμοῐροι,
598 2817 692 2898 γνίρονς
712 2815 902 2897 ε’σχοίτοις
924 2820 1012 2899 πρὸς
1034 2817 1225 2898 τέρμασιν

433 2939 478 3005 οίοο
500 2942 609 3019 μετὸν
633 2942 770 3016 δύστηνον
793 2942 952 3024 ἀμφιβῖισ
975 2941 1066 3022 ἔχεις.

300 3064 388 3128 Haec
414 3066 518 3129 omnia
540 3088 621 3148 quae
646 3081 749 3131 noster
771 3067 810 3130 de
834 3067 979 3152 Agesilao
1002 3068 1090 3147 dicit,
1115 3076 1218 3131 sumta
1241 3075 1315 3130 sunt
1340 3089 1378 3130 ex

255 3189 336 3252 libro
365 3189 517 3274 inscripto
547 3189 660 3267 „Laus
683 3191 850 3274 Agesilai’'.
875 3193 940 3256 Sub
963 3193 1067 3256 iudice
1090 3194 1129 3256 lis
1148 3201 1204 3270 est,
1229 3216 1247 3255 a
1271 3194 1379 3256 cuius·

256 3337 328 3378 nam
353 3336 448 3378 mauu
471 3315 557 3379 hicce
581 3315 706 3380 libellus
723 3318 881 3402 profectus
902 3320 960 3383 sit:
981 3341 1098 3396 verum,
1118 3325 1281 3402 utcunque
1303 3319 1379 3382 haec

255 3462 303 3504 res
333 3462 398 3504 sese
427 3439 550 3520 habeat,
574 3440 632 3505 hoc
655 3449 776 3506 certum
799 3452 847 3506 cst
871 3445 904 3506 in
928 3445 1067 3508 editione
1088 3444 1274 3508 Schneideri
1296 3444 1377 3527 legi:

256 3567 324 3645 πρὸς
346 3567 387 3646 τῷ
409 3569 548 3645 στὸμοιτι,
571 3569 655 3652 quod
678 3568 778 3654 digito
801 3571 890 3634 ducit
913 3571 953 3634 ad
976 3571 1114 3651 τέρμοιτι.

303 3690 342 3754 ln
375 3712 506 3755 numero
541 3700 705 3776 peccatum
735 3695 823 3760 video
854 3719 884 3780 p.
918 3696 990 3758 773.
1023 3695 1062 3759 D.
1094 3697 1208 3780 Agitur
1239 3695 1277 3760 de
1300 3719 1372 3759 sene

258 3837 394 3900 paupere
416 3817 470 3880 sed
492 3817 632 3896 honesto,
652 3818 733 3902 apud
752 3842 847 3903 quem
866 3820 929 3883 duo
941 3820 1100 3885 libidinosi
1112 3821 1255 3906 Spartani
1267 3822 1372 3885 dever-

259 3948 373 4007 terant.
386 3941 464 4006 Sene
484 3942 620 4024 absente,
642 3944 785 4029 Spartani
797 3946 864 4009 eius
875 3946 954 4009 filias
968 3953 1126 4032 stupratas
1140 3947 1380 4030 interfectasque

258 4065 291 4130 in
315 4076 447 4152 puteum
471 4069 677 4133 coniecerant.
701 4070 851 4135 Scedasus
874 4072 944 4156 (hoc
962 4094 1076 4136 nomen
1094 4079 1162 4135 erat
1179 4073 1257 4155 seni)
1276 4093 1377 4134 rever-

258 4192 339 4256 titur
361 4201 394 4256 et
415 4195 506 4259 audit
528 4217 566 4258 ex
590 4195 697 4258 vicinis
718 4193 761 4259 ὅτι
783 4194 868 4261 ἴδοιεν
891 4198 964 4276 xla
982 4197 1049 4270 τοὺς
1067 4195 1119 4260 κοί
1139 4194 1234 4277 πρῴην
1251 4219 1379 4287 Ικοιτοιχ-
