3388 5050
778 541 821 601 45

242 741 353 826 rant,
372 748 512 831 quamvis
531 747 995 840 olimreprehendissent
1014 747 1106 811 illum
1120 770 1246 827 morem,
1258 755 1366 832 postea

242 869 387 935 colebant
408 877 441 935 et
463 871 649 954 diligebant.

285 1119 471 1202 Sequuntur
493 1117 643 1181 nonnulla
666 1118 806 1203 exempla
829 1121 965 1204 perversi
987 1126 1163 1205 temporum
1188 1141 1275 1183 usus.
1295 1117 1368 1182 Fre·

242 1251 376 1326 quenter
409 1250 571 1327 peccatum
605 1250 652 1307 est
682 1243 715 1307 in
743 1244 853 1308 futuro
884 1267 956 1308 cum
980 1243 1027 1318 ἄν,
1051 1245 1248 1328 frequentius
1270 1243 1363 1307 etiam

242 1369 375 1432 aoristus
398 1368 477 1432 male
501 1375 671 1454 usurpatus
693 1377 741 1433 est
763 1393 819 1456 pro
842 1371 967 1435 futuro:
993 1395 1019 1434 e.
1043 1393 1074 1454 g.
1098 1371 1208 1443 Πείσννς
1233 1365 1279 1436 οὖν
1299 1371 1366 1442 τοὺς

242 1492 367 1564 πολίταις
396 1491 410 1555 ὅ
440 1491 535 1569 Φόβος
558 1489 713 1572 ἐξέπεμψε
736 1518 785 1558 τον
808 1495 940 1574 ἀδελφὸν
963 1493 1116 1572 ἄγοντα
1138 1496 1204 1567 τοὺς
1227 1495 1365 1567 ε’τνίκννς.

243 1615 371 1680 Pbobns
402 1617 510 1700 igitur,
542 1619 690 1701 permotis
720 1619 850 1699 civibus,
879 1620 983 1683 emisit
1014 1620 1140 1684 fratrem
1163 1621 1218 1704 qui
1241 1619 1368 1684 colonos

244 1764 280 1806 eo
304 1741 443 1819 duceret,
466 1765 503 1805 eo
525 1741 651 1806 colonos
674 1743 857 1808 ducturum.
882 1745 929 1807 Ex
952 1745 1019 1829 ipsa
1042 1745 1088 1808 rei
1104 1752 1219 1809 natura
1238 1753 1367 1830 apparet

244 1889 335 1930 usum
368 1867 468 1930 futuri
496 1867 530 1930 in
553 1866 611 1930 tali
633 1890 666 1931 re
689 1869 895 1932 necessarium
919 1891 1002 1932 esse:
1025 1867 1173 1943 ἄξοντα
1199 1868 1298 1952 igitur
1320 1892 1369 1932 ve-

244 2013 314 2055 rum
339 1991 408 2055 erit.

289 2139 320 2201 p.
353 2118 428 2182 760.
459 2117 495 2182 B.
527 2116 722 2182 Describitur
744 2117 836 2182 dolos
859 2117 982 2203 Phaylli
1004 2118 1060 2202 qui
1082 2118 1263 2183 inimicitias
1286 2141 1370 2182 exer-

244 2264 318 2305 cens
345 2264 416 2306 cum
441 2241 623 2306 Nicostrato
644 2242 684 2305 de
706 2265 829 2306 summo
852 2243 993 2328 imperio,
1017 2241 1164 2328 Philippo
1186 2243 1368 2307 devertente

242 2367 345 2449 Argis,
377 2365 524 2451 sperabat
553 2359 620 2430 lore
651 2374 688 2430 ut
717 2389 771 2431 rex
801 2367 862 2430 sibi
896 2367 1114 2451 magistratum
1144 2374 1201 2430 aut
1232 2367 1367 2432 honores

244 2493 381 2555 cuiusvis
415 2493 539 2576 generis
570 2492 718 2572 traderet,
753 2494 780 2556 si
814 2515 940 2556 uxorem
973 2515 1062 2556 suam
1093 2493 1257 2556 formosam
1288 2494 1371 2576 regis

242 2615 365 2680 libidini
390 2617 589 2702 permisisset.
610 2617 700 2697 Quae
724 2639 823 2700 quum
843 2617 1057 2701 intelligerent
1075 2617 1276 2682 Nicostratus
1296 2641 1368 2681 cum

244 2741 361 2818 amicis,
384 2743 464 2838 circa
486 2742 567 2806 fores
591 2741 713 2826 Pbaylli
734 2741 936 2806 obambulare
955 2723 1106 2806 solebant.
1126 2743 1278 2826 Phayllus
1299 2766 1370 2807 vero

243 2867 440 2932 callidissime
476 2890 604 2931 uxorem
643 2868 748 2932 causis
781 2867 985 2930 Macedonica
1019 2874 1170 2946 ornatam,
1205 2872 1364 2949 tamquam

242 3016 342 3058 unum
373 3017 390 3058 e
418 2995 512 3077 regiis
541 2993 655 3078 pneris,
688 2993 756 3055 aliis
785 2993 925 3076 ignotam
949 2991 1017 3075 regi
1040 2991 1196 3055 submisit.
1221 2990 1261 3055 In
1288 2991 1370 3054 bisce

242 3119 376 3203 legitur:
418 3117 554 3182 Φάϋλλοε
586 3113 721 3191 ἐπίδοξος
751 3111 785 3189 ἦν
815 3117 865 3180 διὰ
900 3117 1035 3194 γννκνκὸς
1072 3114 1370 3195 διαπράξασθαί

243 3268 309 3308 τεννι
338 3243 511 3307 δυναστείαν
541 3242 634 3322 ἑνντῷ
665 3239 717 3306 καὶ
748 3240 855 3320 ἀρχήν.
883 3239 987 3304 Verba
1010 3240 1220 3326 exspectandi,
1244 3240 1372 3325 promit

243 3370 341 3449 tendi,
372 3369 507 3446 iurandi,
538 3377 575 3432 ut
606 3391 710 3454 reapse
741 3374 880 3453 apparet,
910 3372 1027 3450 regunt
1057 3367 1200 3430 futurum
1233 3373 1369 3450 tempus,

243 3493 299 3558 nbi
326 3495 432 3579 agitur
460 3493 499 3556 de
522 3494 562 3557 iis
585 3515 667 3576 quae
690 3492 761 3576 quis
780 3497 950 3576 exspectat,
977 3491 1134 3575 promittit
1157 3498 1191 3554 et
1212 3491 1299 3554 iurat
1327 3492 1370 3573 (se

243 3620 400 3684 facturum
427 3623 515 3704 esse).
548 3619 628 3699 Quis
659 3619 758 3703 igitur
789 3639 853 3680 non
877 3638 1011 3702 mecum,
1037 3638 1099 3680 una
1122 3615 1213 3679 litera
1235 3623 1369 3695 mutata,

243 3743 359 3809 scribet
380 3741 695 3825 δενντράξετθνινῗ

288 3867 400 3932 Obiter
433 3867 494 3931 levi
526 3866 641 3932 mendo
670 3866 875 3931 liberabimus
900 3866 1002 3930 locum
1026 3872 1213 3950 sequentem
1236 3888 1268 3951 p.
1294 3865 1369 3932 76⁷.

243 3991 284 4058 D.
308 3993 332 4058 oi
350 3994 391 4066 δὲ,
415 3993 530 4057 παίδων
553 3992 681 4070 δεόμενοι
703 3990 719 4065 ἢ
744 3995 898 4068 γυναικῶν,
923 3989 1015 4069 ὥσπερ
1034 3989 1058 4053 οἱ
1075 3989 1209 4065 τέττιγες
1228 3990 1267 4062 εἷς
1286 3989 1370 4054 σκίλ-

242 4133 301 4184 λνιν
323 4117 340 4193 ἦ
364 4143 393 4183 rr
415 4123 528 4184 τοιοῦτο
551 4119 604 4190 τὴν
626 4117 713 4196 γονὴν
736 4118 872 4198 ἀφιᾶσιν,
896 4113 969 4180 οὕτω
992 4114 1041 4178 διὰ
1059 4114 1175 4193 τείχους
1194 4109 1233 4187 οἷς
1248 4113 1371 4194 ἔτυχε

241 4245 377 4324 reiparte
399 4243 696 4321 ἐναπογεννήσαντες.
721 4241 839 4324 Agitur
862 4240 901 4304 de
924 4237 1081 4325 pluribus,
1105 4239 1266 4324 praecedit
1285 4239 1369 4304 enim
