3388 5050
878 445 918 504 22

344 652 457 726 ἰδιθτην
491 651 562 717 θντοι
595 659 626 715 et
661 653 732 736 quia
762 653 793 716 in
826 653 881 718 tali
908 675 942 718 re
972 653 1093 737 signata
1120 652 1245 718 dicendi
1276 652 1375 717 forma
1404 658 1461 716 est.

345 775 391 840 Cf.
416 776 567 842 Mnemos.
595 777 650 856 VI,
674 801 704 864 p.
731 781 784 855 31,
808 777 862 842 ubi
885 779 917 842 in
943 801 1031 843 versu
1055 779 1235 843 emendato:

566 932 657 1004 γαμῶ
680 927 769 1007 γέρων
792 926 838 1001 ὤν,
863 923 939 1000 οἶδα,
963 927 1015 992 καὶ
1039 935 1100 1000 τοῖς
1123 928 1256 1006 γείτοσιν.

344 1075 418 1138 olim
443 1073 606 1139 exsulabat
628 1075 826 1160 participium
851 1076 888 1140 ὤν
910 1083 942 1140 et
965 1075 1144 1160 legebatur:

564 1229 655 1302 γαμῶ
679 1223 776 1304 γέρων,
800 1219 832 1289 εὖ
853 1219 930 1298 οἶδα,
955 1224 1006 1289 καὶ
1030 1233 1092 1298 τοῖς
1116 1225 1249 1304 γείτοσιν.

388 1370 491 1434 Facile
523 1371 576 1434 illa
606 1371 690 1436 fraus
721 1372 965 1458 deprehenditur
989 1375 1072 1459 apud
1096 1380 1211 1460 poetas,
1236 1376 1382 1459 quoniam
1407 1383 1462 1440 aut

345 1497 451 1560 hiatus
473 1497 657 1560 exoriuntur
680 1497 893 1562 intolerabiles
916 1504 975 1562 aut
997 1506 1128 1562 metrum
1155 1498 1323 1564 ridiculum
1347 1500 1381 1564 in
1400 1521 1462 1562 mo·

345 1621 418 1685 dum
445 1620 588 1685 violatur.

388 1839 418 1902 p.
451 1821 523 1881 550.
547 1817 583 1881 B.
609 1817 731 1898 Ὀρέζειν
754 1818 826 1884 πέσε
847 1819 899 1884 καὶ
924 1823 985 1892 σῶς
1008 1819 1059 1884 καὶ
1082 1819 1172 1899 μέχρι
1194 1817 1283 1884 σθσοο
1304 1817 1461 1883 κολαστέον

344 1941 467 2007 ἕκαστον
496 1947 552 2009 ,τῶν
584 1947 709 2023 πονηρῶν
732 1949 780 2007 est
802 1966 959 2008 summum
983 1943 1147 2008 artificium
1171 1943 1203 2007 in
1228 1943 1296 2006 iure
1319 1941 1459 2006 dicendo.

345 2069 436 2131 Hanc
458 2074 555 2130 artem
579 2066 684 2130 Minos
707 2090 725 2130 a
747 2073 834 2152 patre
857 2067 930 2132 Iove
953 2067 1075 2146 didicit,
1100 2068 1247 2150 quoniam
1272 2068 1299 2130 is
1317 2067 1372 2149 qui
1390 2066 1460 2139 την

345 2191 455 2270 τέχνην
474 2192 543 2272 Ιοὐδ’
573 2189 678 2267 ἔμαθεν
709 2189 768 2255 οὐδ’
799 2193 944 2266 ἐκτήσατο
972 2195 1003 2258 οὐ
1027 2191 1149 2264 δυνατός
1172 2194 1234 2257 έστι
1258 2194 1409 2272 κατορθοῦν
1432 2194 1461 2256 ἒν

343 2322 401 2386 τοῖς
424 2315 553 2387 δικαίοις.
577 2316 751 2396 Quamnam
775 2315 895 2380 artem?
918 2318 988 2381 iure
1011 2339 1135 2401 quaero.
1158 2316 1332 2381 Diserteet
1351 2316 1460 2380 diffuse

342 2439 380 2503 de
412 2438 468 2522 hac
497 2444 563 2501 arte
587 2439 618 2502 in
644 2439 798 2525 prioribus
821 2447 926 2504 actum
950 2448 1014 2506 est:
1039 2441 1136 2526 igitur
1161 2443 1200 2506 de
1224 2449 1307 2506 certe
1332 2449 1364 2506 et
1388 2443 1461 2506 defi-

341 2564 408 2628 nite
431 2571 498 2628 arte
522 2563 673 2648 loquitur,
698 2585 789 2646 quam
816 2564 855 2629 ob
879 2587 942 2629 rem
968 2565 1135 2650 legendum
1159 2563 1291 2631 arbitror
1313 2565 1459 2640 ταύτην

341 2689 395 2761 την
417 2689 535 2769 τέχνην.

384 2909 414 2971 p.
449 2888 521 2950 550.
553 2883 587 2949 G.
612 2885 742 2950 Editur:
768 2869 868 2950 ταῦτα
892 2887 1073 2964 συγγνώμης
1097 2884 1211 2961 αἴτησις
1233 2885 1310 2960 ὅπως
1333 2888 1347 2950 θ
1372 2885 1459 2965 λθγος

259 3009 264 3018 ’
341 3006 394 3076 οἷον
416 3012 454 3080 εἰς
478 3010 585 3089 λιμένα
608 3010 797 3088 ἀποβλέπων,
818 3009 1033 3090 εὐθαρσέστερον
1053 3008 1277 3092 ἐξαναφέρη
1297 3012 1337 3089 τῷ
1350 3011 1458 3090 πιθανῷ

340 3136 408 3214 πρὸς
431 3134 483 3207 την
506 3135 634 3208 οὶσορέοιν.
658 3134 744 3199 Noto
764 3133 845 3196 vitio
860 3134 1010 3219 scriptum
1032 3141 1079 3198 eat
1097 3131 1264 3214 ἕξαναφέρη
1277 3156 1333 3219 pro
1351 3131 1457 3208 ἐξαν-

341 3260 451 3324 οθσειε
488 3266 626 3323 ceterum
658 3257 967 3322 animadvertendum
998 3255 1185 3338 ἐξαναφέρειν
1214 3264 1362 3326 neutrum
1393 3281 1458 3322 esse

340 3391 372 3448 et
395 3384 568 3468 significare
590 3383 699 3463 „vires
722 3382 899 3466 colligere.”

384 3604 413 3666 p.
441 3584 513 3645 550.
538 3580 577 3644 D.
602 3579 728 3645 Πλοθτοιν
751 3579 826 3661 φησὶ
848 3579 901 3651 την
921 3579 1010 3661 Φύσιν
1028 3577 1145 3657 οἶνοέψαι
1163 3579 1216 3651 την
1236 3577 1301 3659 θψιν
1320 3581 1357 3642 έν
1377 3580 1454 3657 ἡμῖν.

340 3706 479 3770 ιἰνοθστειν
514 3728 542 3768 τι
577 3703 605 3768 έν
636 3728 689 3769 τινι
719 3703 923 3789 suspicionem
956 3703 1032 3768 mihi
1062 3709 1181 3765 movet:
1213 3701 1302 3766 facile
1333 3709 1457 3786 propter

340 3828 573 3915 praecedentem
603 3827 753 3913 syllabam
783 3852 807 3892 ιν
835 3827 939 3912 potuit
960 3828 1045 3891 nasci
1069 3849 1116 3893 εν;
1142 3825 1309 3911 legendum
1332 3827 1456 3890 videtur

339 3954 455 4032 οὶνιέψαι
477 3952 529 4026 την
552 3951 618 4031 θψιν
640 3954 721 4030 ημῖν.

448 4142 461 4176 β
616 4138 626 4159 9
663 4137 671 4158 l
737 4138 745 4157 ³
784 4139 791 4160 t
889 4135 895 4160 Ι
1079 4137 1087 4158 t
1159 4137 1166 4159 Ι
1259 4138 1268 4159 2
1302 4137 1308 4160 θ
1425 4135 1434 4157 ἱ

385 4161 415 4226 p.
446 4140 520 4201 051.
551 4137 588 4202 ll.
629 4146 692 4203 Εαν
719 4137 734 4201 δ
777 4160 1005 4215 εσιμενωσι,
1038 4161 1089 4202 και
1116 4161 1226 4208 τοοσοις
1248 4138 1383 4206 ασεδιοκε
1403 4158 1457 4209 σην
