3388 5050
884 533 925 594 36

343 736 443 810 θέντος
475 739 524 802 ἐν’
555 737 697 810 αὐτοὺς
727 737 980 815 Λοοκεδοονμονίους
1011 737 1171 811 είονθντοιςτ
1205 739 1261 804 ubi
1291 741 1398 814 αὐτοὺς
1429 742 1462 804 in

343 861 670 930 abutamutandum
695 870 758 927 est:
782 862 889 948 paullo
913 870 982 947 post
1005 864 1200 942 γυμνίοοντοος
1219 865 1298 929 bene
1316 888 1460 950 graecum

343 986 404 1050 erit
433 992 617 1065 γαμοῦντος.
649 986 771 1051 Iterum
793 988 875 1051 idem
899 988 1011 1052 vitium
1035 989 1125 1053 cuius
1149 990 1338 1053 mentionem
1363 991 1461 1054 facere

343 1113 441 1197 coepi,
473 1113 608 1177 occurrit
638 1135 668 1198 p.
701 1114 774 1176 8⁷2.
807 1113 845 1176 D.
870 1113 902 1176 in
926 1111 1006 1178 libro
1029 1115 1084 1197 qui
1108 1113 1289 1178 inscribitur
1310 1116 1378 1194 „de
1402 1115 1463 1180 He-

340 1237 442 1302 rodoti
466 1238 689 1322 malignitate'',
714 1261 777 1323 qno
795 1239 941 1303 iniustior
964 1239 1074 1303 nullus
1094 1261 1232 1324 unquam
1254 1241 1359 1304 extitit
1371 1241 1459 1306 liber.

342 1364 442 1427 Ἀλλίι
476 1365 628 1445 Κορινθίους
663 1390 699 1442 γε
732 1364 783 1429 κοί
812 1361 897 1438 ratim
927 1362 969 1437 ἣν
999 1363 1151 1444 ε’μοίχοντο
1182 1362 1277 1439 ἔξεστι
1296 1365 1460 1444 Σιμωνίδου

338 1489 484 1554 πυθέοθοον.
511 1490 581 1554 Scio
605 1497 688 1555 recte
711 1491 773 1554 dici
798 1488 905 1569 μοίχνν
929 1487 1093 1569 μοίχεοθοον,
1119 1487 1181 1554 tta
1205 1489 1285 1563 ίένοιν,
1299 1489 1460 1568 Ὀλύμπιοι

340 1621 438 1681 νοκοῖνῑ
473 1637 633 1700 nunqnam
658 1638 730 1679 vero
755 1615 817 1699 legi
839 1621 896 1678 aut
918 1615 1025 1679 audivi
1049 1611 1133 1688 τοίξνν
1157 1616 1330 1694 μοίχεοθοονε
1356 1616 1459 1700 legen·

339 1739 414 1804 dum
451 1741 549 1825 igitur
580 1762 705 1804 censeo:
741 1737 825 1814 τοίξνν
857 1736 875 1820 ᾖ
904 1739 1067 1819 ε’μοίχονοο.
1101 1741 1139 1804 In
1172 1741 1284 1826 pagina
1316 1742 1459 1824 sequenti

339 1867 413 1931 873.
439 1865 475 1929 Β.
500 1847 621 1929 editur:
644 1866 793 1940 Ἀθηναῖοι
812 1864 842 1930 δὲ
862 1863 914 1930 aa>
934 1846 1162 1944 mansuetabat
1182 1865 1213 1930 τί
1228 1865 1367 1939 ποιθθντες
1379 1867 1459 1938 εὐθὺς

337 1989 403 2054 τότε
435 1991 504 2070 πρὸς
538 1990 592 2068 μὲν
625 1989 775 2063 ἀλλήλους
809 1991 823 2053 θ
830 1989 939 2067 λίνον
974 1989 1095 2063 ἕδένοοον
1134 1991 1173 2061 είς
1207 1997 1313 2071 χοῖρος
1347 1993 1456 2065 ἕλθεῖν;

338 2113 453 2179 Nonne
484 2116 589 2180 statim
621 2113 789 2178 scribemus
811 2114 908 2193 ὀλίγον
930 2114 1076 2189 ἕδένοοονῖ
1100 2115 1151 2180 Da
1176 2138 1237 2198 qua
1260 2139 1293 2180 re
1317 2117 1355 2180 of.
1382 2114 1457 2180 Oob.

338 2239 411 2303 Var.
435 2238 522 2303 Lect.
547 2262 577 2324 p.
604 2242 664 2304 261
692 2247 724 2303 et
748 2243 824 2303 262.

383 2509 412 2571 p.
446 2489 520 2549 669.
550 2486 587 2550 Β.
610 2485 651 2549 τίς
675 2484 919 2567 ὑφολμυρίζοντοο
941 2485 1021 2550 σιτίον
1043 2487 1103 2550 πίον
1128 2486 1182 2564 μὲν
1202 2483 1272 2551 οίνου
1296 2485 1379 2564 γένος
1402 2486 1455 2559 ἡδὺ

336 2619 373 2690 τῇ
409 2609 506 2688 γεύοεν
536 2609 587 2674 uei
618 2617 695 2675 λεῖον
726 2608 841 2687 redsa,
872 2612 932 2673 πῖον
963 2610 995 2674 δὲ
1021 2606 1092 2691 ὕδωρ
1111 2611 1267 2691 προςφνλὲς
1288 2610 1386 2692 ποιοί
1394 2634 1457 2690 χε-

336 2759 399 2801 τοιν
429 2737 603 2814 ν’ίλκνμον.
636 2734 773 2799 Subsalsi
807 2735 869 2798 cibi
892 2735 1031 2799 efficiunt
1052 2742 1089 2798 ut
1112 2736 1217 2798 vinum
1243 2736 1380 2799 cuiusvis
1402 2757 1454 2819 ge·

337 2862 417 2925 neris
447 2884 540 2925 suave
569 2866 600 2924 et
630 2861 704 2924 mite
734 2865 867 2944 gustatu
897 2859 961 2938 fiat,
993 2882 1260 2943 omnemaquam
1283 2860 1454 2924 iucundam

336 2985 484 3072 praebent
506 2985 640 3064 ν’ίλκνμον.
665 2984 929 3070 wyttenbachius
952 2985 1099 3070 proponit
1118 2985 1249 3064 ἄχυμον,
1271 3008 1376 3049 revera
1395 3008 1456 3048 ma-

335 3112 382 3194 gis
416 3119 524 3195 aptum
561 3133 653 3194 quam
686 3107 830 3186 ν’ίλκνμον;
863 3131 944 3193 aqua
973 3110 1066 3188 enim,
1098 3109 1123 3172 si
1153 3109 1223 3191 quis
1248 3108 1327 3172 alius
1350 3115 1454 3193 potus,

334 3235 456 3316 οίχυμος
479 3237 501 3300 i.
524 3260 550 3299 e.
576 3240 641 3300 sine
665 3256 772 3320 sapore
796 3241 859 3298 est:
885 3240 1044 3320 praeterea
1064 3256 1137 3298 vero
1157 3233 1364 3317 suspicionem
1379 3233 1454 3297 mihi

336 3369 437 3427 movet
468 3361 642 3443 νοοίχετοον.
673 3361 775 3442 Quam
801 3359 839 3424 ob
863 3382 927 3423 rem
951 3361 1079 3423 formam
1106 3357 1246 3422 videmus
1270 3356 1456 3422 medialem?

336 3488 436 3551 Causa
474 3487 585 3551 idonea
620 3485 723 3550 abest:
760 3485 854 3550 simul
888 3506 1028 3548 caremus
1060 3483 1237 3567 symmetria
1271 3481 1454 3558 sententiae,

335 3634 415 3695 quae
445 3611 584 3697 postulat
613 3610 876 3694 quemadmodum
910 3609 941 3672 in
973 3606 1126 3693 prioribus
1151 3607 1204 3680 ἡδὺ
1227 3605 1279 3671 κοοί
1303 3614 1385 3680 λεῖον,
1413 3608 1455 3672 sio

334 3737 367 3800 in
390 3734 591 3819 sequentibus
613 3735 769 3816 ποοςφνλὲς
791 3733 843 3798 aa}
868 3731 998 3813 ἄχυμον.
1026 3730 1210 3815 Legendum
1230 3732 1328 3816 igitur
1346 3754 1455 3796 censeo

335 3861 429 3942 ποιοί
440 3885 502 3940 χεν
534 3859 601 3925 aab
631 3859 794 3938 ἄχυμον.
828 3857 971 3921 Medialis
1003 3857 1101 3921 forma
1128 3855 1292 3936 ποοοίχετονν
1316 3862 1384 3921 orta
1407 3864 1453 3919 est

335 4008 373 4050 ex
402 3987 545 4070 sequenti
574 3985 633 4049 κοοί.
659 3985 808 4048 Attamen
833 3983 998 4047 antithesis
1022 3982 1098 4045 mihi
1123 4004 1184 4045 non
1209 3982 1284 4046 satis
1308 3989 1453 4066 apparet:

334 4112 438 4175 malim
462 4133 518 4196 pro
542 4109 698 4192 ποοςφνλίς
721 4110 879 4173 notionem
903 4129 1102 4192 synonymum
1127 4107 1166 4187 τῷ
1189 4105 1319 4185 ἄχυμον.
