3388 5050
881 464 902 524 4

339 673 431 737 chum
465 673 499 736 in
532 671 607 736 Vita
637 671 774 756 Lycurgi
804 692 831 734 c.
865 673 905 734 12
936 671 949 734 ύ
981 670 1007 733 δ’
1031 669 1159 749 ε’κκρύνων
1182 669 1297 751 σφόδρα
1320 679 1356 751 τῇ
1380 668 1456 750 χειρὶ

338 798 444 870 πιέσας
470 796 546 880 (scil.
571 797 623 870 rio
645 794 916 880 ἀπομαγδαλίαν).
942 793 1090 878 Figurate
1113 793 1268 878 significat
1293 815 1456 878 urgere,

337 925 516 1002 instare,
540 923 593 987 sed
624 942 796 1006 nunquam,
822 920 906 1004 quod
929 919 980 983 hic
1002 918 1174 1004 significare
1197 918 1300 998 debet,
1323 941 1453 983 assue-

337 1049 483 1113 facere.

382 1317 412 1380 p.
446 1296 520 1358 513.
552 1293 588 1357 Β.
619 1293 730 1358 docose
753 1293 943 1358 describitur
964 1315 1064 1376 genus
1086 1295 1292 1379 respondendi
1316 1292 1455 1375 περιοούν.

337 1420 490 1484 Garrulus
524 1419 651 1503 quidam
685 1425 829 1502 rogatus:
861 1417 1025 1494 „intusne
1057 1417 1239 1482 Socrates?”
1270 1419 1454 1503 respondet:

338 1547 389 1610 οὐκ
413 1543 490 1610 ἔνδον
514 1544 567 1608 sed
592 1543 681 1608 addit
702 1565 803 1627 nugas
826 1550 857 1606 et
880 1549 929 1607 tot
952 1566 1001 1607 res
1024 1565 1228 1628 supervacuas
1252 1550 1289 1607 ut
1312 1541 1384 1615 ύλως
1406 1542 1459 1616 τὴν

338 1668 440 1748 α’γδύκν
464 1668 642 1733 Θουκυδίδου
667 1667 914 1745 κατατεινάμενος
937 1669 996 1748 ε’ρεῖ
1014 1666 1067 1732 καὶ
1087 1667 1267 1732 κατακλύσει
1286 1670 1335 1733 τὸν
1353 1667 1458 1750 ύνύρω-

339 1817 392 1858 πον
423 1791 475 1865 ἕως
504 1791 606 1874 φύύορ
638 1791 689 1856 καὶ
715 1791 849 1863 Μίλκτος
871 1793 1109 1870 ἐκπολεμωθεῖσα
1132 1791 1183 1857 καὶ
1206 1793 1403 1872 Φυγαδευύεὶς
1426 1794 1459 1858 τὸ

339 1917 465 1998 δεύτερον
494 1916 702 1995 Ἀλκιβιύδκς.
726 1915 765 1980 In
796 1917 936 1998 versione
958 1916 1056 1980 latina
1081 1917 1157 1980 mihi
1180 1917 1309 1982 offendit
1332 1940 1459 2002 „eoque

339 2046 512 2109 auditorem
537 2042 742 2128 proluet'':
766 2042 961 2123 κατακλύζειν
985 2049 1032 2106 est
1054 2042 1227 2106 obruere
1252 2043 1353 2122 undis,
1375 2043 1459 2127 quod

338 2168 536 2233 notissimum
558 2174 606 2232 est
630 2174 662 2231 ct
684 2168 757 2232 inde
781 2169 996 2246 κατακλυσμὸς
1019 2166 1233 2232 diluvium.

383 2561 413 2623 p.
451 2541 524 2602 sle.
556 2535 590 2601 O.
622 2536 732 2601 iocose
762 2536 929 2601 admodum
961 2544 993 2601 et
1023 2538 1160 2602 suaviter
1185 2537 1343 2603 deridetur
1367 2537 1458 2604 homo

339 2663 493 2747 garrulus,
517 2662 573 2746 qni
596 2663 675 2725 forte
699 2661 826 2726 fortuna
849 2663 927 2727 duos
952 2662 999 2727 vei
1024 2669 1085 2726 tres
1108 2663 1202 2728 libros
1225 2664 1344 2748 Ephori
1365 2664 1459 2728 histo-

341 2789 404 2851 riae
426 2787 582 2873 scriptoris
605 2788 734 2870 legerat,
755 2793 787 2849 et
806 2786 951 2851 omnibus
973 2789 1057 2873 apud
1078 2811 1281 2872 quoscunque
1295 2796 1374 2853 esset
1387 2812 1462 2853 nau·

340 2935 422 2977 seam
444 2919 589 2989 moveret,
607 2934 727 2997 semper
739 2917 771 2974 et
783 2911 900 2996 ubique
912 2914 1066 2978 narrando
1078 2936 1213 2998 pugnam
1227 2913 1311 3000 apud
1325 2913 1461 2978 Leuctra

341 3045 373 3102 et
403 3060 439 3101 ea
468 3059 548 3120 qnae
580 3035 799 3121 sequebantur,
823 3035 882 3101 ὅθεν
904 3037 1133 3116 Ἐπαμινώνδας
1157 3039 1338 3120 παρωνύμιον
1362 3037 1459 3119 ἔσχεν.

342 3163 492 3244 Quamvis
526 3161 706 3242 παρωνύμιον
740 3160 828 3241 ἔσχεν
860 3165 903 3226 sit
931 3164 1018 3226 notio
1048 3165 1167 3248 passiva
1198 3170 1229 3228 ct
1252 3165 1341 3248 quasi
1364 3186 1462 3248 genus

342 3289 494 3374 passivum
531 3287 616 3351 verbi
651 3287 744 3352 activi
774 3287 983 3369 παρονομύζειν
1017 3289 1091 3370 (sive
1121 3287 1330 3375 ἐπονομάζειν)
1356 3295 1461 3352 tamen

342 3412 453 3478 dubito
466 3436 542 3477 num
554 3411 631 3477 bene
643 3435 787 3497 graecum
801 3413 841 3477 sit
853 3413 1155 3491 Ἐπαμινώνδας
1168 3413 1348 3494 παρωνύμιον
1362 3411 1459 3493 ἔσχεν.

343 3539 442 3605 Credo
473 3540 700 3604 nominativum
730 3541 764 3602 in
796 3540 975 3623 genetivum
1007 3540 1192 3604 mutandum
1216 3563 1281 3603 esse
1306 3546 1337 3604 et
1359 3540 1463 3622 legen·

344 3665 437 3729 dum:
463 3664 767 3742 Ἐπαμεινώνδα.

389 3934 418 3996 p.
445 3913 518 3975 515.
542 3909 576 3974 G.
600 3910 757 3995 Loquitur
778 3917 882 3975 noster
907 3911 944 3974 de
966 3911 1127 3976 nonnullis
1146 3911 1360 3977 affectionibus
1380 3913 1463 3976 dam·

345 4035 428 4098 nosis
463 4056 539 4118 quas
574 4033 687 4115 ύριοτον
718 4036 772 4112 μὲν
803 4032 916 4109 ἐξωθεῖν
947 4033 999 4099 καὶ
1030 4036 1246 4101 καταλύειν
1277 4037 1316 4109 εἰς
1339 4035 1460 4118 ἕδαφοςι

345 4158 503 4224 καταλύειν
521 4181 594 4224 vero
615 4165 652 4224 ut
670 4159 854 4238 κατύγεπύαι
866 4159 944 4223 nihil
955 4159 1040 4224 aliud
1055 4166 1101 4224 est
1112 4181 1206 4245 quam
1226 4160 1462 4242 devertere,
