3388 5050
764 533 805 594 ³1

224 741 287 804 lius
309 747 400 805 esset.
424 739 535 805 Potius
552 763 700 806 conemur
716 742 748 805 in
767 747 857 804 textu
875 742 986 805 saltem
1003 713 1157 806 nonirulla
1168 743 1343 822 emendare,

224 887 264 928 ns
295 865 329 928 in
359 863 443 927 hisce
465 866 700 947 quaestiouibus
723 866 863 950 legendis
886 867 989 931 oleum
1014 874 1047 930 et
1070 890 1195 952 operam
1219 889 1345 952 prorsus

225 987 394 1073 perdidisse
418 986 533 1054 ridear.

270 1234 337 1302 Iam
362 1235 468 1298 statim
493 1235 526 1298 in
550 1236 648 1319 prima
670 1237 852 1320 quaestione
875 1260 907 1323 p.
929 1241 1002 1302 615.
1026 1240 1052 1301 A
1076 1238 1220 1322 queritur
1232 1238 1346 1322 partim

226 1360 264 1424 de
287 1361 421 1424 convivis
449 1362 504 1443 qui
528 1361 657 1426 subtiles
681 1364 877 1445 quaestiones
901 1370 1060 1428 moventes
1084 1363 1239 1427 molestias
1264 1363 1349 1426 exhi·

226 1485 300 1548 beot
333 1486 453 1562 ceteris,
489 1486 601 1569 partim
636 1486 675 1549 de
705 1488 744 1550 iis
773 1489 859 1571 „qui
889 1490 922 1552 in
953 1490 1145 1553 contrarium
1168 1491 1287 1560 ruunt''
1313 1496 1346 1552 ct

226 1618 364 1686 cautant,
397 1609 592 1674 lrariolantur
616 1617 649 1674 et
671 1612 835 1676 invenuste
858 1613 907 1677 καί
929 1614 1072 1694 σίγοραίυς
1094 1614 1176 1677 inter
1200 1637 1232 1677 se
1253 1613 1348 1678 collo·

227 1740 379 1817 quantur.
404 1734 510 1815 Quare
534 1735 569 1798 fit
591 1737 720 1799 utfinis
742 1737 875 1800 convivii
898 1745 1014 1822 pereat.
1040 1737 1085 1800 Ut
1108 1761 1181 1802 vero
1200 1738 1347 1802 adversus

227 1859 420 1942 antiquiores
442 1859 672 1942 tragoediarum
690 1861 854 1945 scriptores
874 1861 959 1925 verbi
979 1862 1238 1946 gratiaadversus
1250 1861 1347 1946 Phry·

227 1983 355 2047 nichum
380 1991 412 2048 et
434 1983 624 2068 Aeschylum
646 1984 781 2048 indolem
802 1994 1010 2069 naturamque
1029 1987 1205 2070 tragoediae
1225 1995 1347 2050 mutan·

227 2116 285 2187 tes,
316 2132 447 2194 magnus
479 2111 594 2174 elamor
625 2110 822 2175 exoriebatur
851 2111 1046 2195 rogantium:
1075 2161 1095 2189 „
1104 2113 1136 2176 τί
1154 2117 1255 2176 ταῦτα
1279 2114 1349 2192 πρὸς

227 2234 276 2297 τὸν
309 2234 481 2309 Διίνυσον;”
513 2235 556 2298 sic
586 2256 712 2318 quoque
743 2233 844 2312 ἔμοιγε
866 2235 1011 2309 πολλοίκις
1034 2235 1166 2316 παρέστη
1190 2236 1258 2316 πρὸς
1281 2235 1348 2306 τοὺς

227 2355 366 2429 ἕλκοντας
396 2359 435 2429 είς
465 2360 506 2423 τοὶ
535 2358 689 2436 συμπίσια
717 2361 781 2423 τὸν
811 2359 1040 2440 κυριεύοντα
1069 2359 1176 2437 λέγειν·
1198 2360 1230 2424 τί
1249 2363 1349 2423 ταῦτα

227 2483 295 2562 πρὸς
323 2484 372 2548 τὸν
396 2483 548 2559 Διονύσους
573 2485 611 2548 ‘0
634 2484 764 2565 κυριεύων
786 2485 863 2567 quid
887 2485 929 2548 sit
951 2486 1024 2548 satis
1048 2493 1191 2549 accurate
1217 2485 1348 2549 definire

227 2629 289 2670 non
319 2629 494 2692 possumus,
518 2609 572 2672 sed
597 2631 694 2672 uuum
719 2609 779 2673 hoc
803 2633 820 2672 e
843 2609 983 2673 Luciano
1007 2609 1129 2692 liquido
1151 2616 1285 2686 constat,
1310 2633 1348 2674 eo

226 2733 376 2797 vocabulo
404 2735 670 2798 ratiocinationem
703 2735 859 2816 quandam
891 2756 929 2798 cx
952 2735 1064 2798 intimo
1088 2734 1344 2819 philosophorum

226 2857 356 2921 artificio
378 2858 489 2921 notari.
515 2857 685 2940 Postquam
710 2859 791 2921 enim
818 2859 863 2939 (in
887 2857 1029 2922 Vitarum
1055 2858 1212 2922 Auctione
1236 2880 1263 2920 e.
1292 2861 1346 2941 22)

226 2980 425 3067 Chrysippus,
458 3005 520 3065 quo
551 2983 721 3067 sapientiae
744 3005 818 3045 suae
841 2983 997 3067 specimen
1020 2983 1152 3068 emptori
1175 2983 1346 3066 praeberet,

226 3108 255 3170 ei
289 3108 424 3192 primum
458 3130 569 3171 vocum
599 3107 795 3191 quarundam
825 3095 1065 3190 sophisticarum
1101 3108 1150 3189 (ut
1180 3106 1347 3188 αδιοίφορον,

226 3230 383 3309 σύμβαμα
417 3239 450 3295 et
481 3229 739 3316 παρασύμβαμα)
774 3233 836 3294 vim
869 3231 1024 3314 exposuit,
1055 3229 1168 3294 deinde
1199 3253 1232 3294 sc
1262 3278 1283 3307 ,‚
1294 3235 1350 3294 τῶν

227 3356 321 3435 λύγων
350 3354 520 3427 πλεκτάνας
549 3350 595 3428 αἶς
626 3354 795 3435 συμποδίζω
826 3355 893 3426 τοὺς
917 3360 1173 3435 προςομιλοῦντας,
1196 3353 1249 3419 καὶ
1272 3356 1349 3419 α’πο-

226 3482 369 3563 Φραίττυ”
393 3489 500 3545 tencre
521 3481 674 3564 gloriatus
697 3489 754 3556 est,
775 3487 930 3565 postremo
950 3483 996 3543 sic
1014 3480 1133 3564 pergit:
1155 3479 1208 3544 καί
1220 3479 1303 3543 ἄλλα
1318 3503 1352 3542 σε

227 3604 383 3684 διδοίξομαι
407 3607 640 3686 θαυμασιώτερα,
659 3606 707 3668 τὸν
727 3604 880 3685 θερίζοντα,
900 3604 950 3668 καί
968 3604 1032 3668 τὸν
1050 3603 1288 3684 κυριεύοντα,
1299 3602 1352 3667 καί

226 3731 276 3795 ἐπὶ
300 3737 374 3795 ποῖτι
392 3731 445 3804 τὴν
463 3732 627 3812 Ἠλέκτραν
649 3729 702 3795 καὶ
725 3732 774 3794 τὸν
797 3729 1096 3807 ἐγκεκαλυμμένον”;
1118 3730 1270 3813 equibus
1293 3729 1352 3793 hoc

228 3855 376 3920 conficere
407 3857 483 3920 licet
513 3857 562 3920 τὸν
589 3854 753 3936 κυριεύοντα
786 3878 851 3919 esse
874 3855 1120 3938 disputationem
1144 3853 1348 3938 Sophisticam

229 3981 404 4043 intricatam
441 3987 473 4042 et
506 3980 706 4059 reconditam,
739 3979 903 4062 multoque
935 3977 1141 4043 difficiliorem
1172 4001 1266 4062 quam
1296 4000 1351 4042 cae

228 4113 304 4169 suut
325 4127 406 4188 qnae
431 4104 622 4189 praecedunt
643 4105 657 4168 ὃ
679 4103 853 4185 κροκούειλος
876 4111 909 4166 et
931 4103 1002 4181 alia,
1022 4125 1102 4187 quae
1122 4110 1226 4167 tamen
1246 4103 1351 4168 omnia

229 4231 395 4318 pertinent
418 4229 456 4293 ad
481 4229 538 4302 τοὶς
561 4233 617 4292 τῶν
640 4228 734 4307 λύριον
757 4226 937 4302 πλεκτύνας.
