3388 5050
889 529 929 590 20

354 731 460 796 νεοινίοιι
483 738 521 796 ut
544 755 601 797 nos
624 733 735 818 lingua
752 734 917 797 vernacula
937 735 1068 814 utimur,
1087 735 1131 798 sic
1149 735 1197 798 illi
1210 735 1344 800 dialecto
1356 736 1470 817 dorica,

354 857 457 936 credo,
487 859 537 922 nsi
567 864 642 922 sunt
673 864 705 922 et
726 858 882 922 levissima
905 859 1079 923 mutatione
1102 861 1185 923 τοτ’
1209 861 1242 923 in
1267 862 1348 924 ποκ’
1372 867 1470 926 trans-

352 981 548 1046 formandum
572 983 642 1048 erit.

397 1249 428 1312 p.
462 1231 534 1291 543.
567 1227 605 1290 A.
637 1228 727 1292 Ἀλλ’
750 1229 809 1292 οὐδ’
833 1229 856 1292 εί
879 1228 991 1306 βκλίιν,
1016 1229 1120 1313 inquit
1143 1229 1265 1308 Timon,
1290 1229 1468 1309 οίιτηλλοίνη,

353 1357 450 1425 κκλῶς
481 1347 546 1432 εἶχε
576 1356 704 1434 κεριορέιν
734 1354 767 1418 τὸ
797 1353 885 1431 βέλος
913 1355 1086 1432 ἐγκείμενον.
1111 1354 1295 1438 Requiritur
1317 1356 1470 1440 particula

351 1477 393 1542 οίν
422 1485 492 1562 post
516 1483 614 1551 καλῶς
636 1478 668 1542 in
692 1478 749 1543 tali
771 1501 821 1544 re:
845 1502 907 1543 nou
932 1480 1014 1544 enirn
1039 1480 1141 1557 βκλὼν
1164 1482 1339 1560 οίτηλλοίνη.
1365 1481 1470 1546 Multa

351 1611 426 1668 sunt
448 1603 589 1688 exempla
612 1604 783 1689 particulae
808 1604 901 1669 huius
924 1608 1072 1669 omissae:
1097 1629 1195 1670 unum
1218 1607 1358 1670 sufficiat.
1379 1606 1471 1690 Legi·

353 1751 421 1791 inus
449 1750 479 1813 p.
512 1729 550 1791 77
556 1731 584 1791 9.
617 1730 655 1792 A.
688 1727 753 1807 ἐμοί
784 1729 816 1793 δὲ
843 1729 924 1794 δοκεῖ
942 1729 997 1794 κιιὶ
1021 1733 1165 1811 λυροποιὸς
1188 1730 1258 1811 avla
1280 1729 1356 1804 ἥδιον
1380 1731 1469 1812 λιίρκν

350 1851 529 1933 ἕρνοίτοιτίκι
552 1851 604 1917 acal
628 1852 841 1933 τροίυμίτεοον,
866 1856 967 1933 patav
991 1857 1027 1927 ὡς
1050 1855 1064 1918 c‘
1087 1853 1199 1928 τιιιίτην
1218 1855 1396 1932 κτησόμενος
1415 1855 1467 1928 την

351 1977 438 2059 λύριον
469 1977 572 2056 μέλλεν
601 1979 634 2042 τὸ
657 1977 797 2055 Θηβοιίων
820 1977 897 2042 aloru
918 1977 1067 2058 τειχίζειν.
1093 1977 1275 2042 Necessario
1301 1985 1370 2062 post
1393 1977 1468 2052 η’διον

350 2101 548 2166 inserendum
572 2108 619 2166 est
641 2099 686 2175 οίν,
710 2102 913 2180 calcaverim
933 2102 1013 2166 nihil
1033 2102 1119 2166 aliud
1139 2109 1186 2167 est
1204 2125 1296 2187 quam
1317 2104 1340 2167 εί
1353 2101 1464 2181 lucta:

350 2225 404 2290 sed
427 2249 489 2290 non
514 2219 623 2304 ἔμοιίεῑ
650 2226 748 2310 igitur
767 2225 800 2290 in
821 2225 947 2311 apodosi
969 2226 1140 2310 requiritur
1159 2224 1240 2300 ἥδιον,
1254 2227 1290 2291 ίιν
1302 2227 1465 2306 εὀνοίτιιιτο.

351 2351 401 2414 Sic
432 2352 464 2415 in
497 2351 603 2416 eadem
635 2353 789 2416 sententia
821 2357 890 2436 post
920 2352 1038 2425 ητίῆνοιι
1063 2353 1148 2415 etin
1173 2353 1375 2436 sequentibus
1400 2361 1469 2439 post

348 2476 537 2558 ε’ρνοίτκτίοιι.
562 2476 690 2562 Optime
714 2476 876 2561 apparebit
895 2476 1092 2560 neglegentia
1113 2476 1282 2541 scribarum
1295 2478 1320 2541 si
1334 2479 1469 2542 animad-

351 2602 477 2666 verteris
510 2601 659 2666 contiuno
688 2607 771 2664 reate
803 2601 953 2685 scripturn
985 2623 1050 2664 esse
1084 2600 1135 2665 κκὶ
1167 2596 1327 2674 τεκτονικὸς
1360 2605 1409 2667 οὐκ
1432 2601 1468 2666 clv

350 2722 420 2789 οὕτω
448 2724 671 2790 κκτκσκευοίτιιι
691 2723 804 2805 ἄροτρον
828 2725 865 2796 ὥς
889 2723 954 2796 τοὺς
977 2721 1084 2798 ἄξοντος
1107 2724 1140 2786 in
1165 2746 1242 2807 quos
1267 2723 1360 2788 Solon
1384 2726 1468 2810 leges

350 2872 420 2913 snas
444 2849 617 2934 scripturus
641 2855 716 2913 erat.

393 3129 423 3192 p.
457 3109 530 3171 549.
556 3105 595 3170 D.
625 3105 671 3169 Ut
694 3105 766 3190 equi
789 3105 895 3170 statim
920 3111 989 3189 post
1011 3104 1200 3188 nescioquod
1224 3105 1375 3170 delictum
1399 3108 1468 3193 pul-

349 3229 408 3294 sati
440 3229 625 3314 intelligunt
659 3253 691 3294 se
724 3229 886 3316 vapulasse
917 3235 1044 3314 propter
1073 3229 1131 3293 hoc
1164 3229 1274 3294 vitium
1309 3253 1407 3314 eoque
1430 3234 1469 3298 ad

350 3355 485 3420 officium
510 3356 652 3434 redeunt,
678 3355 722 3420 sic
746 3357 762 3428 ἡ
786 3356 876 3420 κοικίκ
899 3356 964 3420 κκί’
988 3353 1111 3419 ἕκαστον
1136 3350 1172 3418 ὧν
1195 3355 1292 3420 ττιιίει
1316 3355 1365 3420 nal
1389 3380 1468 3438 προς·

349 3483 449 3548 πίπτει
478 3482 655 3564 ῥαπιζομένη
687 3481 739 3547 aa>
770 3481 981 3562 οίνκκροιιομένη
1014 3483 1054 3561 τῷ
1078 3479 1263 3561 κολοίζετίκι,
1288 3486 1404 3558 μόλις
1426 3479 1469 3545 alu
1545 3558 1551 3562 ⁸

350 3607 458 3686 γίνοιτο
488 3607 604 3681 σύννους
633 3606 684 3672 nal
716 3605 847 3680 τοιτειννί,
881 3613 954 3670 cett.
979 3603 1136 3688 Loquitur
1159 3603 1347 3668 Plutarchus
1371 3605 1409 3668 de
1431 3605 1469 3668 iis

349 3756 481 3817 quorum
506 3733 619 3797 delicta
642 3734 792 3798 continuo
818 3732 996 3816 puniuntur
1021 3730 1220 3812 ostenditque
1245 3751 1311 3792 earn
1337 3729 1468 3794 celerem

350 3883 479 3945 poenarn
513 3859 665 3924 salubrem
703 3883 778 3938 esse,
811 3864 986 3942 peccatores
1016 3855 1099 3918 eninr
1131 3877 1233 3918 securu
1266 3854 1304 3917 de
1337 3855 1470 3938 peccatis

246 4061 248 4066 ,
350 3992 532 4070 reputantes
563 3984 695 4048 hurniles
718 3983 907 4064 timidasque
931 3981 997 4044 lieri
1022 4003 1093 4062 erga
1116 3980 1206 4044 deos:
1231 4002 1336 4042 eornrn
1364 3986 1469 4043 contra

350 4110 404 4194 qni
427 4111 556 4194 impunc
576 4108 736 4173 malefacta
756 4107 871 4185 ferunt,
893 4105 1053 4172 audaciam
1067 4111 1098 4168 et
1111 4105 1328 4188 procacitatem
1343 4104 1468 4188 augeri:

350 4236 382 4298 τὸ
412 4240 466 4307 τῆς
496 4233 576 4307 δίκης
607 4233 779 4314 ὑπερήμερον
801 4229 950 4308 γινόμενον
971 4231 1077 4302 ἀσθενῆ
1102 4230 1157 4307 μὲν
1181 4236 1251 4301 τοιίς
1274 4228 1370 4292 ε’λτίτι
1395 4235 1473 4292 τοιεῖ
