3388 5050
861 475 900 533 28

318 679 395 744 haec
423 679 619 763 significant?
642 680 737 744 Plana
758 680 849 760 nihil,
874 682 992 766 opinor.
1017 683 1198 746 Referemus
1221 681 1319 766 igitur
1342 682 1381 745 ad
1405 683 1437 746 τὸ

322 805 501 882 συγχεῖσθαι
525 802 576 868 aul
600 813 775 885 μαραυγεῖν,
801 807 845 869 ita
866 807 976 902 nteit:
998 808 1106 885 „aciei
1126 807 1285 871 oculorum
1299 805 1437 870 turbatio

318 934 350 990 et
373 928 462 992 ardor
486 927 687 993 insanabilem
712 930 745 993 in
771 929 936 995 modum?”
961 930 1022 995 Sed
1046 932 1116 1014 quis
1139 933 1197 995 hoc
1214 930 1343 994 credat?
1364 929 1437 994 Non

319 1058 396 1136 putu
419 1050 509 1116 nobis
532 1075 610 1138 opus
633 1076 697 1118 esse
722 1055 871 1118 consultis
897 1055 1103 1120 medicorum:
1124 1056 1198 1119 satis
1219 1061 1341 1119 constat
1361 1055 1440 1119 colo·
1492 1077 1499 1094 ·

318 1199 382 1239 rem
413 1177 536 1241 nullum
568 1185 632 1241 tam
664 1201 763 1242 acrem
795 1180 947 1264 fulgorem
980 1179 1070 1244 edere
1100 1187 1136 1243 ut
1158 1203 1193 1242 aa
1218 1203 1250 1244 re
1274 1179 1367 1265 plane
1388 1178 1440 1243 ob·

318 1307 483 1366 scurentur
506 1301 599 1366 oculi.
624 1301 732 1382 Credo,
759 1312 796 1369 ut
819 1304 895 1369 haec
915 1307 1047 1369 coecitas
1066 1304 1247 1369 insanabilis
1269 1305 1320 1383 sit,
1334 1312 1439 1368 tamen

318 1425 402 1489 hunc
436 1421 540 1490 locum
576 1428 748 1492 sanandum
785 1451 859 1508 esse,
897 1429 988 1493 modo
1024 1436 1181 1493 mutemus
1217 1429 1372 1493 ἀνίατον
1406 1429 1439 1491 in

317 1550 456 1623 αὐτῶν,
481 1550 545 1613 soil.
571 1573 676 1615 eorum
698 1553 834 1616 colorum
856 1553 987 1616 durities
1008 1559 1039 1615 et
1056 1553 1101 1616 vis
1121 1559 1264 1616 excaecat
1283 1560 1314 1615 et
1332 1550 1440 1615 obscu-

321 1678 370 1736 rat
399 1672 523 1737 videndi
546 1674 738 1754 facultatem,
763 1697 824 1738 oon
848 1683 951 1740 tamen
977 1676 1010 1740 iu
1034 1683 1231 1760 perpetuum,
1255 1675 1308 1740 sed
1332 1678 1438 1741 eodem

320 1796 410 1860 modo
444 1819 507 1879 quo
536 1797 643 1881 lulgnr
673 1798 754 1882 quod
787 1801 910 1880 λυπηρὸν
939 1807 985 1863 est
1015 1808 1052 1879 τῇ
1082 1797 1155 1878 ὄψει,
1180 1821 1242 1882 quo
1274 1806 1438 1885 conspecto

324 1922 424 1986 visum
452 1923 626 1986 amittimus
649 1923 701 1987 sed
725 1925 829 1988 statim
853 1946 1080 2010 recuperamus.
1106 1925 1150 1988 Ut
1173 1931 1277 2010 postea
1300 1924 1441 2010 cognovi,

319 2045 580 2130 Wyttcnbachius
604 2047 701 2110 eidem
724 2047 816 2111 verbo
839 2049 922 2131 quod
942 2048 1106 2113 emendare
1127 2056 1257 2113 conatus
1277 2070 1347 2113 sum
1360 2072 1443 2112 mcu-

322 2169 398 2233 dum
435 2171 534 2234 inesse
569 2170 698 2234 sensisse
732 2171 865 2253 uidetur,
896 2195 989 2256 qnam
1019 2172 1058 2237 ob
1087 2195 1151 2236 reor
1184 2175 1317 2248 ἀνίκητον
1338 2174 1440 2258 legere

319 2293 475 2378 proponit,
507 2295 591 2377 quod
620 2317 683 2358 non
716 2296 815 2359 multo
847 2297 957 2361 melius
987 2304 1034 2360 est
1057 2319 1150 2380 quaro
1179 2297 1303 2362 ἀνίατον.
1330 2297 1384 2361 Vis
1407 2305 1440 2361 et

317 2419 447 2481 durities
472 2419 608 2482 colorum
631 2419 796 2496 „invicta”
823 2421 898 2484 mihi
922 2420 1046 2505 quidem
1073 2444 1133 2485 non
1158 2424 1234 2486 satis
1258 2422 1367 2504 liquet.

358 2686 388 2748 p.
422 2665 495 2726 601.
527 2663 561 2728 G.
594 2664 636 2729 Τι’
665 2659 711 2728 οὖν
749 2665 834 2745 μέρος
864 2673 917 2739 τῆς
940 2665 1105 2744 οἰκουμένης
1128 2664 1145 2740 ἢ
1169 2665 1290 2740 ἁπάσης
1312 2675 1365 2740 τῆς
1386 2674 1443 2744 γῆς

321 2786 412 2869 ἕτερον
441 2788 533 2868 ἑτέρου
557 2788 674 2870 μακράν
697 2790 712 2852 ε’
720 2813 822 2865 cum
848 2797 986 2872 rogatur.
1007 2791 1141 2854 Evidens
1164 2797 1211 2854 est
1235 2789 1440 2855 Plutarchum

322 2914 460 2977 dedisse:
484 2914 600 2995 μακρὰν
623 2913 797 2979 ἄπεστιν.
823 2913 1003 2978 Dormitans
1027 2913 1127 2978 scriba
1145 2921 1213 2998 post
1232 2914 1268 2980 clv
1289 2938 1350 3006 oon
1366 2916 1444 2978 vidit

322 3037 368 3101 o’br
397 3045 429 3101 et
458 3039 501 3101 sic
532 3038 636 3102 omisit
667 3038 935 3123 praepositionem,
966 3061 1046 3122 quaa
1071 3040 1243 3103 necessario
1267 3038 1441 3123 flagitatur:

319 3163 408 3248 spatii
441 3164 604 3227 intervalla
635 3187 742 3248 graece
774 3186 893 3248 semper
924 3170 956 3226 et
984 3163 1102 3247 ubique
1135 3165 1192 3228 bac
1215 3165 1443 3248 praepositione

321 3288 549 3374 exprimuntur.

362 3557 391 3619 p.
426 3537 499 3600 605.
531 3535 567 3599 Ε.
601 3535 741 3600 Offendit
771 3535 803 3599 iu
832 3535 946 3599 ultima
969 3534 1161 3620 paragrapho
1188 3533 1444 3618 decimaquarta

317 3657 381 3722 οὐδὲ
411 3653 463 3731 εἷς
494 3661 580 3736 λόγος
604 3661 713 3732 οὐδενὸς
736 3659 960 3724 ἀπολέλειπται.
986 3659 1200 3744 Opponuntur
1224 3660 1306 3722 inter
1329 3681 1394 3722 sese
1416 3659 1439 3722 ii

320 3783 597 3868 quiaxpulorunt
628 3791 660 3847 et
691 3785 713 3846 ii
743 3785 798 3868 qui
825 3783 947 3868 expulsi
980 3792 1064 3848 sunt.
1096 3784 1139 3848 Hi
1163 3806 1224 3847 nun
1250 3784 1367 3848 animus
1390 3785 1440 3847 de·

314 3893 507 3991 sponderunt
528 3909 580 3972 sed
602 3908 728 3992 ingenio
748 3931 814 3988 suo,
835 3909 952 3994 quippe
971 3909 1025 3992 qui
1039 3909 1144 3992 lugam
1157 3914 1305 3991 tanquam
1319 3907 1432 3987 ἕφοῒιον

321 4031 524 4116 accipiebant,
547 4033 764 4098 inclaruerunt
787 4040 818 4097 ct
842 4040 912 4118 post
935 4040 1065 4097 mortem
1086 4035 1212 4119 propter
1233 4055 1368 4096 summas
1388 4015 1445 4095 vir·

327 4162 412 4220 tutes
436 4156 584 4222 celebrati
606 4163 691 4222 sunt.
715 4157 845 4222 Illorum
871 4179 954 4237 vcro,
978 4158 1034 4242 qui
1058 4180 1109 4222 aas
1133 4157 1327 4242 expulerant,
1347 4179 1386 4220 ne
1405 4151 1444 4229 εἷς
