3388 5050
787 539 827 597 29

247 744 334 822 λόγος
357 743 483 827 quidem
506 741 729 806 ἀπολέλειπται.
750 740 819 807 Ηοο
838 764 900 806 non
920 742 991 806 vult
1013 741 1212 819 Plutarchus,
1225 765 1264 806 ne
1277 743 1367 806 ratio

247 891 319 932 nem
343 867 469 951 quidem
493 889 608 930 unam
633 866 759 929 illorum
782 867 922 930 habitam
945 889 1020 943 esse,
1044 890 1084 931 ne
1103 891 1219 932 uuam
1240 867 1366 951 quidem

246 992 383 1057 fabulam
419 992 458 1055 de
487 992 525 1054 iis
554 990 695 1054 relictam
727 1014 802 1070 esse,
834 991 918 1075 quod
947 993 1023 1056 satis
1052 992 1159 1078 inepte
1182 1000 1216 1057 et
1237 993 1368 1057 nimium

246 1117 411 1203 pueriliter
432 1117 471 1181 ad
495 1138 586 1180 aures
607 1117 779 1194 accederet,
800 1115 853 1180 sed
877 1117 969 1202 plane
992 1140 1043 1181 eos
1067 1140 1104 1181 ex
1126 1116 1288 1188 hominum
1309 1141 1369 1181 me-

247 1243 344 1305 moria
368 1241 538 1317 evanuisse,
562 1262 670 1303 eorum
695 1241 819 1304 nomina
842 1241 1007 1320 interiisse,
1031 1237 1180 1316 ἐξοτήλονς
1204 1262 1255 1304 eos
1278 1264 1366 1318 γεγο-

247 1366 322 1429 νὲννι
350 1373 388 1429 ut
419 1364 617 1428 Herodotum
648 1387 759 1449 sequar
789 1366 822 1429 in
854 1367 953 1451 primo
976 1366 1056 1430 libro
1079 1366 1137 1430 hac
1160 1365 1308 1450 allegoria
1330 1365 1368 1430 de

247 1489 403 1555 coloribus
425 1498 530 1554 sumta
554 1496 705 1553 utentem.
730 1489 850 1554 Nullus
874 1491 962 1556 locus
985 1491 1085 1576 igitur
1106 1498 1155 1554 cst
1176 1491 1284 1576 inepto
1307 1504 1368 1554 nui

247 1614 356 1680 merali
378 1609 417 1686 εἷς
439 1620 472 1677 et
489 1615 595 1678 statim
617 1614 676 1678 hoc
695 1612 881 1678 vocabulum
900 1614 1142 1700 expungendum
1163 1638 1228 1679 esse
1246 1637 1367 1680 censeo.

291 1858 321 1920 p.
347 1838 421 1900 606.
446 1836 482 1901 E.
507 1835 638 1900 Editur:

603 1973 662 2050 ἐγὼ
685 1971 716 2035 δέ
739 1996 782 2036 σον
804 1970 870 2036 οὔτε
892 1978 949 2054 πῦρ
971 1974 1076 2053 darida

602 2097 721 2174 γόνιμον
743 2097 772 2160 ἐν
794 2095 914 2174 ydronto,

516 2218 682 2299 circuiverat
705 2220 732 2284 δ’
757 2222 892 2298 Ἰσμηνὸς
915 2221 1049 2296 ἐκηδεύθη

602 2346 789 2428 λουτροφόρον
810 2347 932 2425 χλιδᾶς.

291 2483 517 2549 Valckenarius
539 2485 657 2564 γόνιμον
680 2485 828 2550 defendit
843 2485 928 2568 quod
947 2507 1039 2549 sensu
1061 2492 1162 2548 caret:
1182 2493 1370 2571 receperunt

247 2631 372 2694 quoque
404 2610 483 2674 hanc
513 2610 677 2674 lectionem
704 2617 736 2674 et
769 2609 1031 2695 wyttenbachius
1061 2617 1093 2673 et
1117 2610 1294 2675 Diibuerus.
1322 2611 1368 2674 Ex

246 2734 404 2799 codicibus
434 2758 506 2799 vero
530 2735 690 2819 Euripidis
715 2734 833 2798 Phoen.
859 2758 902 2800 vs.
928 2737 992 2798 345
1018 2743 1140 2799 constat
1164 2735 1280 2819 priores
1305 2757 1370 2798 ver·

247 2881 300 2924 sus
321 2860 366 2923 ita
389 2860 537 2944 legendos
561 2883 644 2923 esse:

512 2998 570 3074 ἐγὼ
593 2996 619 3061 δ’
648 2996 712 3060 οὔτε
734 3021 777 3061 σον
799 2999 885 3077 πυρὸς
908 2997 1014 3075 dudda
1037 3001 1102 3078 Φῶς

604 3119 726 3199 νόμιμον
749 3122 778 3184 ἕν
802 3121 922 3199 γάμοις,

246 3267 285 3320 ut
308 3264 413 3320 monet
437 3256 493 3321 Vir
518 3255 643 3321 Clariss.
670 3257 748 3322 coh.
771 3257 889 3320 Muem.
912 3256 939 3335 I,
961 3279 1031 3342 pag.
1051 3261 1126 3321 386.
1146 3258 1266 3321 Iterum
1288 3258 1369 3322 idam

249 3383 325 3446 mihi
356 3383 646 3446 commemorandus
677 3389 724 3445 est
756 3381 794 3444 ad
825 3404 861 3444 ea
893 3403 974 3465 quae
1003 3389 1199 3465 sequuntur:
1231 3381 1373 3444 emenda·

248 3508 295 3570 vit
319 3509 421 3572 enisu:

513 3632 664 3710 νἰννμένοιν’
688 3629 846 3708 οὶνίομννος
869 3631 1022 3706 gandaridas

603 3763 790 3838 λουτροφόρον
812 3759 933 3836 χλιδαῖς.

294 3881 383 3962 Quae
406 3882 490 3946 dicta
512 3888 588 3946 sunt
610 3883 728 3965 tragica
751 3905 864 3966 pompa
887 3885 940 3947 sed
960 3882 1043 3968 apud
1063 3885 1228 3969 scriptores
1248 3884 1369 3949 solutae

248 4007 399 4070 orationis
422 4007 480 4072 hoc
503 4007 695 4090 significant:
720 4005 840 4084 ἔγημας
863 4008 919 4072 οὔθ’
944 4009 1080 4086 ὑμεναίου
1103 4012 1203 4088 τυχὼν
1227 4007 1292 4072 οὔτε
1314 4013 1371 4073 τῶν

248 4131 281 4194 ἐκ
307 4136 354 4196 τοῦ
377 4131 514 4208 Ἰσμηνοῦ
536 4134 666 4212 λουτρῶν.
