3388 5050
864 421 882 480 8

310 646 405 708 qnam
437 626 529 688 finem
558 625 678 705 faciam,
711 627 806 690 liceat
838 626 913 690 mihi
937 627 1100 691 emendare
1124 626 1228 691 locum
1253 626 1429 711 elegantem

315 770 344 833 p.
373 750 467 812 1089.
492 748 528 812 Ε.
552 747 604 812 καὶ
624 753 685 822 πῶς
705 744 757 814 ον’θν
777 773 820 823 σε,
844 757 898 824 πῆς
920 749 1037 827 βάσεως
1058 750 1277 829 τινασσομένης,
1302 749 1345 828 μὴ
1368 773 1432 813 σνν·

312 871 495 938 τινάσσεσθαι
519 873 552 937 σθ
575 872 674 950 ένθν;
698 873 847 960 Figurate
869 875 1011 959 loquitur
1034 875 1072 939 de
1096 876 1213 959 gaudio
1238 875 1374 960 corporis
1396 881 1428 938 et

313 997 351 1060 de
386 997 482 1061 animi
511 997 640 1076 laetitia,
671 1020 804 1082 quorum
838 999 920 1064 illud
950 999 1033 1064 basis
1065 999 1256 1085 appellatur:
1281 1021 1343 1084 qna
1366 997 1431 1064 basi

312 1145 470 1202 concussa,
492 1145 615 1187 necesse
636 1128 682 1187 est
701 1124 792 1187 etiam
816 1123 896 1188 illud
917 1123 1002 1208 quod
1014 1125 1096 1188 inest
1108 1124 1321 1188 concutiatur:
1337 1124 1432 1190 immo

312 1269 383 1310 vero
407 1246 492 1330 qood
517 1268 610 1331 super
633 1253 690 1326 est,
716 1247 737 1310 i.
762 1270 788 1311 e.
814 1248 853 1312 πθ
872 1247 940 1312 ε’πθ
947 1272 969 1312 ν.
990 1286 1035 1296 -
1053 1241 1089 1311 P.
1111 1251 1206 1312 1999.
1229 1247 1263 1312 0.
1278 1248 1432 1313 Studiaet

311 1370 498 1454 voluptates,
531 1370 645 1453 inquit,
676 1371 825 1435 honestae
855 1371 1148 1453 άναφανίζονσι
1175 1370 1228 1436 καὶ
1259 1371 1430 1450 κατασβεν-

311 1495 405 1559 νύονσι
435 1496 570 1580 eorporis
601 1495 787 1580 voluptates.
812 1495 980 1580 Nunquam
1007 1496 1070 1560 vidi
1094 1502 1150 1559 ent
1173 1496 1278 1561 audivi
1301 1496 1429 1564 verbum

311 1618 523 1700 άναφανίζεινῑ
557 1619 747 1704 praepositio
779 1620 852 1684 άνά
874 1621 906 1683 in
931 1620 1055 1684 cerebro
1078 1620 1293 1686 nesciocuius
1316 1619 1431 1691 scribae

315 1751 387 1807 nata
410 1744 516 1808 statim
541 1742 671 1808 delenda
694 1750 740 1808 est
764 1752 801 1808 ut
820 1767 895 1808 sana
914 1745 1070 1809 sententia
1091 1744 1260 1823 exoriatur,
1281 1766 1374 1829 qnam
1391 1745 1430 1809 ob

312 1889 376 1931 rem
401 1867 569 1951 legendum
593 1889 716 1932 censeo:
740 1867 992 1948 άφανίζονσι.

354 2076 529 2141 Redeamus
548 2081 618 2161 post
636 2076 716 2140 hanc
735 2077 955 2161 digressionem
975 2077 1014 2142 ad
1026 2100 1096 2142 eum
1111 2079 1213 2142 locum
1227 2077 1281 2142 nbi
1294 2079 1429 2148 constiti.

354 2225 384 2286 p.
412 2205 485 2265 520.
508 2201 546 2264 D.
566 2206 622 2265 πῶν
642 2202 758 2283 πράσων
776 2202 1190 2281 ἀναμιμνησκέτωσαν
1209 2203 1431 2288 έανποάς,ιριινιι

312 2329 411 2391 forma
437 2327 632 2391 macedonica
662 2326 813 2391 mutanda
836 2327 896 2390 erit
919 2327 951 2390 in
975 2326 1367 2404 άναμιμννσκθνσων.
1391 2326 1430 2390 In

309 2453 370 2516 fine
394 2451 530 2517 eiusdem
555 2452 686 2536 paginae
711 2451 769 2516 sub
793 2452 883 2515 litera
909 2451 944 2515 F.
964 2451 1097 2536 legitur:
1117 2452 1248 2532 καθάπερ
1267 2452 1291 2516 οἱ
1308 2449 1426 2530 κυνηγοὶ

309 2577 375 2650 ποὺς
405 2577 561 2650 σκύλακας
585 2579 637 2642 οὐκ
660 2578 724 2641 ἐῶσι
738 2577 856 2641 ’διώκειν
880 2579 982 2640 πάσαν
1006 2576 1107 2654 θδμάν.
1133 2575 1209 2654 θθμίρ
1233 2582 1279 2638 est
1302 2574 1433 2639 vocabu·

309 2702 375 2768 luna
406 2703 541 2787 priscum
571 2708 603 2766 et
635 2724 756 2766 cascum
787 2723 850 2784 quo
881 2700 904 2764 ii
927 2707 1064 2766 utuntur
1088 2700 1143 2785 qui
1165 2700 1272 2765 Ionica
1295 2699 1430 2764 dialecto

309 2827 449 2891 scribunt
479 2832 516 2891 nt
537 2827 654 2891 Herod.
681 2831 711 2906 8,
736 2827 810 2889 138.
834 2823 902 2907 ῥο9α
923 2826 999 2907 &aaa
1023 2825 1218 2908 ὑπερφέροντα
1241 2829 1296 2889 τῶν
1320 2823 1427 2889 ἄλλον.

309 2950 418 3014 Forma
442 2951 538 3015 attica
561 2952 638 3029 θσμά
663 2956 719 3014 est.

354 3183 384 3245 p.
419 3162 493 3223 521.
525 3158 560 3223 0.
592 3160 640 3223 δεῖ
667 3159 708 3232 δὲ,
742 3160 779 3226 θα
803 3152 894 3236 οἶμαι,
918 3158 971 3236 μέν,
995 3155 1125 3237 καθάπερ
1149 3155 1332 3239 θεράπαιναν,
1354 3156 1430 3221 άνά-

309 3307 405 3363 ρωγον
428 3282 482 3359 ἔξω
507 3283 666 3364 ῥέμβεσθαι
685 3283 738 3355 πῖον
755 3280 894 3356 αἴσθησιν.
917 3281 1044 3346 Comma
1056 3287 1126 3366 post
1138 3280 1311 3362 θεράπαιναν
1326 3281 1429 3344 delen-

309 3408 384 3470 dum
409 3414 472 3471 est:
495 3407 650 3486 άνάγωγον
671 3407 753 3471 enim
773 3411 856 3470 arete
873 3407 1073 3478 coniunctum
1095 3412 1143 3468 est
1162 3426 1232 3468 cnm
1246 3404 1429 3485 θεράπαιναν,

308 3555 372 3596 non
402 3554 473 3596 oum
504 3531 672 3613 ῥέμβεσθαι,
697 3531 781 3615 quod
805 3531 831 3594 si
855 3531 900 3594 ita
924 3537 1014 3609 esset,
1038 3529 1192 3594 utendum
1217 3528 1333 3593 Nostro
1356 3528 1430 3593 fuis·

309 3663 356 3721 set
378 3655 531 3721 adverbio.

354 3878 385 3941 p.
419 3856 492 3918 522.
525 3852 561 3917 Β.
586 3851 654 3917 Ηοο
677 3853 842 3917 eonsilium
865 3853 920 3917 dat
944 3858 1050 3916 noster
1072 3859 1110 3917 nt
1132 3851 1331 3916 assuefiamns
1354 3857 1430 3914 tem·

310 3980 480 4065 perantiae:
514 3983 607 4060 πειρῶ,
632 3979 746 4063 inquit,
770 3976 948 4056 βουλομένου
971 3977 1045 4050 τινὸς
1067 3977 1214 4057 άγρεῖλαί
1235 4002 1262 4041 σι
1286 3981 1342 4040 πῶν
1366 3976 1430 4040 ἐπὶ

309 4111 362 4180 τῆς
386 4103 484 4178 οἰκίας,
510 4102 733 4185 ὑπερβαλέσθαι.
759 4104 811 4170 Τά
833 4101 882 4168 ἐπὶ
907 4109 961 4176 τῆς
980 4101 1069 4174 οἰκίας
1089 4103 1190 4166 sedem
1211 4103 1269 4166 hoo
1289 4102 1429 4166 looonon
